2250 3704
169 145 221 198 102
399 142 432 198 P.
452 139 590 197 OVIDII
608 137 787 194 NASONIS
941 137 1031 210 [Ins.

170 288 302 343 Protinus
321 287 437 342 intravit
455 291 562 341 mentes
580 290 725 357 suspectus
742 285 894 341 honorum:

204 370 253 425 Fit
270 371 392 442 pretium
410 370 519 441 dignis;
539 387 591 423 neo
609 367 663 422 sibi
681 368 798 440 quisque
815 369 916 440 placet.

169 452 226 508 Hie
245 459 336 508 status
355 453 384 507 in
403 452 472 522 ooelo
489 451 592 506 multos
609 451 763 522 permansit
780 452 811 506 in
828 469 922 516 annos,

203 535 281 590 Dum
299 536 391 590 senior
408 534 473 590 fatis
492 533 594 588 excidit
612 552 674 588 arce
693 533 771 590 deus.

167 617 254 674 Tema
271 618 345 673 feros
362 623 468 690 pontus,
485 617 617 671 immania
634 623 766 680 monstra,
786 615 922 689 Gigantas
994 621 1032 674 35

203 700 311 765 Edidit,
331 719 445 756 ausuros
463 701 493 754 in
510 698 532 754 J
532 699 591 754 ovis
609 699 650 753 ire
669 698 790 754 domum.
1086 696 1106 710 '

168 783 251 839 Mille
268 803 367 839 manus
384 783 438 837 illis
457 782 542 846 dedit,
562 787 592 836 et
608 799 660 853 pro
678 782 805 837 cruribus
823 801 944 854 angues:

204 866 299 938 Atque
317 868 365 930 ait,
384 865 421 920 In
438 883 553 937 magnos
572 883 649 919 arma
666 871 776 919 movete
795 864 869 920 deos.

167 949 320 1004 Exstiuere
337 949 368 1003 bi
385 953 494 1003 montes
513 947 549 1002 ad
567 946 658 1002 sidera
676 963 783 1002 summa
799 947 945 1020 parabant,

203 1031 244 1087 Et
261 1049 393 1104 magnum
409 1031 484 1085 bello
502 1029 650 1085 sollicitare
667 1029 777 1086 Jovem.
993 1037 1032 1089 40

168 1115 300 1170 Fulmina
319 1115 353 1170 de
371 1113 432 1169 coeli
447 1113 588 1184 jaculatus
604 1112 721 1184 Jupiter
736 1131 799 1168 aree

204 1196 301 1253 Vertit
318 1199 348 1251 in
366 1203 493 1251 auctores
511 1196 636 1268 pondera
652 1200 732 1251 vasta
749 1213 823 1251 snos.

168 1279 224 1336 His
241 1281 314 1336 bene
332 1277 468 1350 Majestas
488 1280 571 1334 armis
590 1278 704 1334 defensa
721 1277 838 1334 deorum

204 1363 319 1418 Restat:
340 1368 369 1417 et
387 1380 421 1417 ex
438 1362 486 1416 illo
503 1367 628 1434 tempore
646 1361 727 1417 firma
743 1367 845 1418 manet.

168 1446 282 1501 Assidet
300 1445 348 1500 iila
359 1443 440 1500 Jovi:
460 1443 542 1500 Jovis
559 1451 605 1500 est
620 1445 754 1500 fidissima
771 1451 881 1501 eustos:

203 1528 244 1583 Et
260 1532 374 1600 praestat
392 1528 452 1584 sine
469 1529 498 1583 vi
516 1533 627 1600 sceptra
643 1527 765 1583 tenenda
781 1525 856 1583 Jovi.

168 1610 256 1666 Venit
274 1616 303 1665 et
320 1611 350 1664 in
368 1616 473 1666 terras:
494 1611 641 1666 ooluenmt
658 1609 796 1666 Romulus
812 1607 889 1668 iliam

204 1694 244 1749 Et
262 1693 373 1748 Numa:
393 1710 458 1749 mox
476 1693 531 1758 alii,
550 1699 679 1766 tempore
693 1694 810 1766 quisque
828 1711 887 1749 sno.

168 1776 224 1832 Illa
241 1783 334 1849 patres
352 1777 382 1830 in
399 1776 504 1832 honore
521 1776 573 1848 pio
586 1783 746 1848 matresque
764 1783 877 1832 taetunz

204 1859 259 1914 Illa
276 1871 366 1914 eomes
384 1859 478 1931 pueris
496 1859 706 1932 virginibusque
723 1861 809 1915 venit.

168 1942 224 1998 IIla
241 1943 320 1998 datos
338 1941 426 1998 fasces
446 1943 629 2006 commendat,
648 1943 773 2015 eburque
792 1942 903 1999 curule:

204 2024 259 2080 Ilia
277 2025 412 2081 coronatis
432 2025 489 2080 aits
506 2025 662 2098 triumphat
680 2026 766 2098 equis.

167 2107 294 2163 Finierat
311 2125 393 2162 voees
411 2105 606 2180 Polyhymnia.
643 2108 729 2164 Dicta
745 2109 900 2181 probarunt

203 2189 327 2262 Clioque,
348 2196 377 2245 et
395 2209 485 2245 curvae
504 2191 574 2246 suita
592 2189 690 2246 Thalia
707 2191 783 2264 lyra.

167 2271 281 2344 Excipit
298 2269 420 2338 Uranie;
440 2272 530 2329 fecere
549 2273 661 2329 silentia
678 2281 800 2341 cunctam

202 2355 243 2410 Et
259 2373 314 2410 vox
332 2355 423 2410 audiri
440 2356 526 2419 nulla,
545 2356 599 2411 nisi
617 2357 672 2420 illa,
691 2363 794 2428 potest.

168 2436 277 2510 Magna
293 2437 349 2493 fuit
367 2438 508 2510 quondam
526 2439 625 2510 eapitis
644 2441 800 2495 reverentia
818 2439 888 2504 eani,

204 2518 295 2593 inque
313 2539 363 2576 suo
381 2522 472 2593 pretio
489 2537 561 2593 ruga
578 2522 672 2577 senilis
691 2528 759 2577 erat.

168 2603 272 2658 Martis
290 2620 359 2675 opus
374 2605 492 2676 juvenes
510 2605 688 2677 animosaque
707 2605 780 2660 bella
797 2605 940 2677 gerebant,

203 2685 243 2740 Et
260 2703 312 2758 pro
331 2685 373 2740 dis
392 2687 509 2742 aderant
527 2687 557 2741 in
575 2688 694 2743 motione
709 2689 775 2744 suis.

167 2767 284 2823 Viribus
302 2769 351 2823 iila
368 2769 466 2835 minor,
485 2789 537 2825 nee
554 2769 691 2826 habendis
709 2771 787 2826 utilis
804 2770 909 2834 armis„

203 2849 326 2906 Consilio
343 2852 439 2923 patriae
458 2869 529 2924 sape
548 2852 656 2909 ferebat
673 2871 763 2926 opem.

166 2929 229 2988 Nee
247 2933 302 2988 nisi
319 2940 383 3006 post
401 2953 488 2990 annos
505 2936 599 3008 patuit
616 2942 684 2992 tune
703 2935 789 2992 Curia
806 2953 897 2992 aerest

202 3014 315 3072 Nomen
333 3018 469 3072 et'aetatis
486 3019 555 3074 mite
573 3025 686 3076 senatus
705 3025 774 3076 erat.

166 3095 238 3149 Jura
256 3096 341 3152 dabat
358 3100 462 3169 populo
480 3101 587 3156 senior:
607 3101 744 3173 finitaque
763 3101 845 3158 certis

201 3173 323 3242 Legibus
342 3183 386 3232 est
404 3185 478 3243 mbas,
497 3182 573 3238 unde
590 3189 705 3255 petatur
722 3185 819 3240 honos.

164 3251 205 3307 Et
223 3253 330 3308 medius
345 3258 489 3325 juvenum,
508 3281 565 3317 non
583 3265 794 3336 indignantibus
812 3267 888 3340 ipsis,

201 3331 282 3386 Ibat:
303 3340 332 3389 et
349 3336 473 3408 interior,
492 3343 516 3397 si
532 3363 624 3402 eomes
643 3365 715 3404 unus
735 3355 804 3406 erat.
