<?xml version="1.0" encoding="UTF-8"?>
<!DOCTYPE html PUBLIC "-//W3C//DTD XHTML 1.0 Transitional//EN"
    "http://www.w3.org/TR/xhtml1/DTD/xhtml1-transitional.dtd">
<html xmlns="http://www.w3.org/1999/xhtml" xml:lang="en" lang="en">
 <head>
  <title>
</title>
<meta http-equiv="Content-Type" content="text/html;charset=utf-8" />
  <meta name='ocr-system' content='tesseract 3.04.00' />
  <meta name='ocr-capabilities' content='ocr_page ocr_carea ocr_par ocr_line ocrx_word'/>
</head>
<body>
  <div class='ocr_page' id='page_1' title='image "./fasti00ovidgoog_0041.png"; bbox 0 0 2252 3706; ppageno 0'>
   <div class='ocr_carea' id='block_1_1' title="bbox 184 75 1043 148">
    <p class='ocr_par' dir='ltr' id='par_1_1' title="bbox 184 75 1043 148">
     <span class='ocr_line' id='line_1_1' title="bbox 184 75 1043 148; baseline -0.003 -13"><span class='ocrx_word' id='word_1_1' title='bbox 184 77 220 136; x_wconf 80' lang='lat' dir='ltr'>ee</span> <span class='ocrx_word' id='word_1_2' title='bbox 415 77 448 133; x_wconf 81' lang='lat' dir='ltr'>r.</span> <span class='ocrx_word' id='word_1_3' title='bbox 468 75 607 133; x_wconf 78' lang='lat' dir='ltr'>evron</span> <span class='ocrx_word' id='word_1_4' title='bbox 623 76 802 133; x_wconf 68' lang='lat' dir='ltr'>miserus</span> <span class='ocrx_word' id='word_1_5' title='bbox 962 77 1043 148; x_wconf 69' lang='lat' dir='ltr'>[nm.</span> 
     </span>
    </p>
   </div>
   <div class='ocr_carea' id='block_1_2' title="bbox 182 221 1111 2849">
    <p class='ocr_par' dir='ltr' id='par_1_2' title="bbox 182 221 1111 2849">
     <span class='ocr_line' id='line_1_2' title="bbox 184 221 982 286; baseline -0.003 -8"><span class='ocrx_word' id='word_1_6' title='bbox 184 223 292 278; x_wconf 86' lang='lat' dir='ltr'>Ventrs</span> <span class='ocrx_word' id='word_1_7' title='bbox 309 222 399 277; x_wconf 89' lang='lat' dir='ltr'>minor</span> <span class='ocrx_word' id='word_1_8' title='bbox 416 239 486 277; x_wconf 80' lang='lat' dir='ltr'>zona</span> <span class='ocrx_word' id='word_1_9' title='bbox 502 227 560 278; x_wconf 87' lang='lat' dir='ltr'>est:</span> <span class='ocrx_word' id='word_1_10' title='bbox 581 221 740 276; x_wconf 70' lang='lat' dir='ltr'>turicinum</span> <span class='ocrx_word' id='word_1_11' title='bbox 756 222 849 277; x_wconf 87' lang='lat' dir='ltr'>vincla</span> <span class='ocrx_word' id='word_1_12' title='bbox 864 221 982 286; x_wconf 84' lang='lat' dir='ltr'>relaxat,</span> 
     </span>
     <span class='ocr_line' id='line_1_3' title="bbox 219 304 770 376; baseline -0.002 -16"><span class='ocrx_word' id='word_1_13' title='bbox 219 304 262 360; x_wconf 87' lang='lat' dir='ltr'>Ut</span> <span class='ocrx_word' id='word_1_14' title='bbox 279 305 367 376; x_wconf 91' lang='lat' dir='ltr'>possit</span> <span class='ocrx_word' id='word_1_15' title='bbox 383 310 475 360; x_wconf 79' lang='lat' dir='ltr'>vastas</span> <span class='ocrx_word' id='word_1_16' title='bbox 493 305 645 359; x_wconf 82' lang='lat' dir='ltr'>exseruisse</span> <span class='ocrx_word' id='word_1_17' title='bbox 663 323 770 360; x_wconf 81' lang='lat' dir='ltr'>manus.</span> 
     </span>
     <span class='ocr_line' id='line_1_4' title="bbox 184 386 900 459; baseline 0 -17"><span class='ocrx_word' id='word_1_18' title='bbox 184 387 320 459; x_wconf 78' lang='lat' dir='ltr'>Fregerat</span> <span class='ocrx_word' id='word_1_19' title='bbox 338 388 458 442; x_wconf 83' lang='lat' dir='ltr'>armillas</span> <span class='ocrx_word' id='word_1_20' title='bbox 475 405 532 443; x_wconf 90' lang='lat' dir='ltr'>non</span> <span class='ocrx_word' id='word_1_21' title='bbox 548 387 597 442; x_wconf 82' lang='lat' dir='ltr'>ills</span> <span class='ocrx_word' id='word_1_22' title='bbox 614 387 651 442; x_wconf 87' lang='lat' dir='ltr'>ad</span> <span class='ocrx_word' id='word_1_23' title='bbox 666 387 781 442; x_wconf 86' lang='lat' dir='ltr'>brachia</span> <span class='ocrx_word' id='word_1_24' title='bbox 798 386 900 442; x_wconf 79' lang='lat' dir='ltr'>factas:</span> 
     </span>
     <span class='ocr_line' id='line_1_5' title="bbox 221 469 873 542; baseline 0 -18"><span class='ocrx_word' id='word_1_25' title='bbox 221 469 401 541; x_wconf 73' lang='lat' dir='ltr'>Stringebant</span> <span class='ocrx_word' id='word_1_26' title='bbox 418 488 532 541; x_wconf 85' lang='lat' dir='ltr'>magnos</span> <span class='ocrx_word' id='word_1_27' title='bbox 550 470 660 524; x_wconf 86' lang='lat' dir='ltr'>vincula</span> <span class='ocrx_word' id='word_1_28' title='bbox 676 489 764 541; x_wconf 82' lang='lat' dir='ltr'>parva</span> <span class='ocrx_word' id='word_1_29' title='bbox 780 470 873 542; x_wconf 89' lang='lat' dir='ltr'>pedes.</span> 
     </span>
     <span class='ocr_line' id='line_1_6' title="bbox 184 551 1040 625; baseline 0.002 -19"><span class='ocrx_word' id='word_1_30' title='bbox 184 551 253 624; x_wconf 86' lang='lat' dir='ltr'>Ipsa</span> <span class='ocrx_word' id='word_1_31' title='bbox 264 553 339 624; x_wconf 85' lang='lat' dir='ltr'>capit</span> <span class='ocrx_word' id='word_1_32' title='bbox 353 554 513 624; x_wconf 85' lang='lat' dir='ltr'>clavamque</span> <span class='ocrx_word' id='word_1_33' title='bbox 529 570 650 624; x_wconf 83' lang='lat' dir='ltr'>gravem,</span> <span class='ocrx_word' id='word_1_34' title='bbox 663 552 836 625; x_wconf 88' lang='lat' dir='ltr'>spoliumque</span> <span class='ocrx_word' id='word_1_35' title='bbox 851 551 949 616; x_wconf 84' lang='lat' dir='ltr'>leonis,</span> <span class='ocrx_word' id='word_1_36' title='bbox 987 554 1040 608; x_wconf 82' lang='lat'>325</span> 
     </span>
     <span class='ocr_line' id='line_1_7' title="bbox 220 634 1111 712; baseline -0.003 -21"><span class='ocrx_word' id='word_1_37' title='bbox 220 634 394 707; x_wconf 67' lang='lat' dir='ltr'>conditaque</span> <span class='ocrx_word' id='word_1_38' title='bbox 411 635 441 689; x_wconf 95' lang='lat' dir='ltr'>in</span> <span class='ocrx_word' id='word_1_39' title='bbox 457 635 590 706; x_wconf 83' lang='lat' dir='ltr'>pharetra</span> <span class='ocrx_word' id='word_1_40' title='bbox 606 635 663 689; x_wconf 85' lang='lat' dir='ltr'>tela</span> <span class='ocrx_word' id='word_1_41' title='bbox 680 635 788 690; x_wconf 84' lang='lat' dir='ltr'>minora</span> <span class='ocrx_word' id='word_1_42' title='bbox 805 653 863 690; x_wconf 86' lang='lat' dir='ltr'>sua.</span> <span class='ocrx_word' id='word_1_43' title='bbox 1087 668 1111 712; x_wconf 35' lang='grc' dir='ltr'><strong>Ὗ</strong></span> 
     </span>
     <span class='ocr_line' id='line_1_8' title="bbox 185 717 929 790; baseline -0.001 -17"><span class='ocrx_word' id='word_1_44' title='bbox 185 717 232 773; x_wconf 85' lang='lat' dir='ltr'>Sic</span> <span class='ocrx_word' id='word_1_45' title='bbox 251 719 338 790; x_wconf 90' lang='lat' dir='ltr'>epulis</span> <span class='ocrx_word' id='word_1_46' title='bbox 357 718 454 781; x_wconf 65' lang='lat' dir='ltr'>fundi,</span> <span class='ocrx_word' id='word_1_47' title='bbox 474 719 512 772; x_wconf 87' lang='lat' dir='ltr'>sic</span> <span class='ocrx_word' id='word_1_48' title='bbox 531 717 600 772; x_wconf 87' lang='lat' dir='ltr'>dant</span> <span class='ocrx_word' id='word_1_49' title='bbox 618 735 668 772; x_wconf 83' lang='lat' dir='ltr'>sua</span> <span class='ocrx_word' id='word_1_50' title='bbox 685 736 800 789; x_wconf 87' lang='lat' dir='ltr'>corpora</span> <span class='ocrx_word' id='word_1_51' title='bbox 817 734 929 781; x_wconf 86' lang='lat' dir='ltr'>somno;</span> 
     </span>
     <span class='ocr_line' id='line_1_9' title="bbox 219 799 732 873; baseline -0.004 -17"><span class='ocrx_word' id='word_1_52' title='bbox 219 799 260 856; x_wconf 77' lang='lat' dir='ltr'>In</span> <span class='ocrx_word' id='word_1_53' title='bbox 276 801 373 873; x_wconf 89' lang='lat' dir='ltr'>positis</span> <span class='ocrx_word' id='word_1_54' title='bbox 388 801 470 872; x_wconf 86' lang='lat' dir='ltr'>juxta</span> <span class='ocrx_word' id='word_1_55' title='bbox 487 799 637 855; x_wconf 87' lang='lat' dir='ltr'>secubuere</span> <span class='ocrx_word' id='word_1_56' title='bbox 654 800 732 854; x_wconf 91' lang='lat' dir='ltr'>toris.</span> 
     </span>
     <span class='ocr_line' id='line_1_10' title="bbox 185 882 848 955; baseline -0.002 -17"><span class='ocrx_word' id='word_1_57' title='bbox 185 882 290 938; x_wconf 81' lang='lat' dir='ltr'>Causa:</span> <span class='ocrx_word' id='word_1_58' title='bbox 309 883 446 955; x_wconf 83' lang='lat' dir='ltr'>repertori</span> <span class='ocrx_word' id='word_1_59' title='bbox 462 883 527 939; x_wconf 84' lang='lat' dir='ltr'>vitis</span> <span class='ocrx_word' id='word_1_60' title='bbox 545 883 592 954; x_wconf 89' lang='lat' dir='ltr'>pia</span> <span class='ocrx_word' id='word_1_61' title='bbox 610 901 687 937; x_wconf 86' lang='lat' dir='ltr'>sacra</span> <span class='ocrx_word' id='word_1_62' title='bbox 703 882 848 955; x_wconf 81' lang='lat' dir='ltr'>parabant,</span> 
     </span>
     <span class='ocr_line' id='line_1_11' title="bbox 220 964 1042 1037; baseline 0 -17"><span class='ocrx_word' id='word_1_63' title='bbox 220 965 290 1033; x_wconf 76' lang='lat' dir='ltr'>Ques</span> <span class='ocrx_word' id='word_1_64' title='bbox 308 965 431 1021; x_wconf 82' lang='lat' dir='ltr'>facerent</span> <span class='ocrx_word' id='word_1_65' title='bbox 448 983 526 1037; x_wconf 91' lang='lat' dir='ltr'>pure,</span> <span class='ocrx_word' id='word_1_66' title='bbox 545 983 609 1019; x_wconf 88' lang='lat' dir='ltr'>cum</span> <span class='ocrx_word' id='word_1_67' title='bbox 627 965 699 1020; x_wconf 83' lang='lat' dir='ltr'>foret</span> <span class='ocrx_word' id='word_1_68' title='bbox 716 971 779 1020; x_wconf 85' lang='lat' dir='ltr'>orta</span> <span class='ocrx_word' id='word_1_69' title='bbox 797 964 863 1020; x_wconf 91' lang='lat' dir='ltr'>dies.</span> <span class='ocrx_word' id='word_1_70' title='bbox 985 965 1042 1020; x_wconf 81' lang='lat'>330</span> 
     </span>
     <span class='ocr_line' id='line_1_12' title="bbox 183 1047 1040 1119; baseline -0.001 -16"><span class='ocrx_word' id='word_1_71' title='bbox 183 1047 283 1104; x_wconf 89' lang='lat' dir='ltr'>Noctis</span> <span class='ocrx_word' id='word_1_72' title='bbox 296 1053 356 1102; x_wconf 88' lang='lat' dir='ltr'>erat</span> <span class='ocrx_word' id='word_1_73' title='bbox 366 1047 506 1111; x_wconf 70' lang='lat' dir='ltr'>medium</span> <span class='ocrx_word' id='word_1_74' title='bbox 521 1047 602 1119; x_wconf 89' lang='lat' dir='ltr'>(quid</span> <span class='ocrx_word' id='word_1_75' title='bbox 613 1065 670 1101; x_wconf 88' lang='lat' dir='ltr'>non</span> <span class='ocrx_word' id='word_1_76' title='bbox 682 1066 758 1102; x_wconf 89' lang='lat' dir='ltr'>amor</span> <span class='ocrx_word' id='word_1_77' title='bbox 769 1047 911 1119; x_wconf 87' lang='lat' dir='ltr'>improbus</span> <span class='ocrx_word' id='word_1_78' title='bbox 923 1047 1040 1114; x_wconf 76' lang='lat' dir='ltr'>audetP)</span> 
     </span>
     <span class='ocr_line' id='line_1_13' title="bbox 219 1129 940 1202; baseline -0.003 -17"><span class='ocrx_word' id='word_1_79' title='bbox 219 1129 341 1185; x_wconf 80' lang='lat' dir='ltr'>Roscida</span> <span class='ocrx_word' id='word_1_80' title='bbox 357 1148 407 1202; x_wconf 88' lang='lat' dir='ltr'>per</span> <span class='ocrx_word' id='word_1_81' title='bbox 423 1129 552 1185; x_wconf 86' lang='lat' dir='ltr'>tenebras</span> <span class='ocrx_word' id='word_1_82' title='bbox 572 1130 685 1185; x_wconf 83' lang='lat' dir='ltr'>Faunus</span> <span class='ocrx_word' id='word_1_83' title='bbox 703 1131 740 1184; x_wconf 86' lang='lat' dir='ltr'>ad</span> <span class='ocrx_word' id='word_1_84' title='bbox 756 1135 837 1184; x_wconf 81' lang='lat' dir='ltr'>antra</span> <span class='ocrx_word' id='word_1_85' title='bbox 852 1129 940 1185; x_wconf 82' lang='lat' dir='ltr'>venit.</span> 
     </span>
     <span class='ocr_line' id='line_1_14' title="bbox 182 1212 890 1284; baseline -0.003 -16"><span class='ocrx_word' id='word_1_86' title='bbox 182 1212 281 1284; x_wconf 87' lang='lat' dir='ltr'>thue</span> <span class='ocrx_word' id='word_1_87' title='bbox 298 1213 375 1268; x_wconf 87' lang='lat' dir='ltr'>videt</span> <span class='ocrx_word' id='word_1_88' title='bbox 393 1229 489 1268; x_wconf 87' lang='lat' dir='ltr'>somno</span> <span class='ocrx_word' id='word_1_89' title='bbox 507 1213 621 1267; x_wconf 86' lang='lat' dir='ltr'>comites</span> <span class='ocrx_word' id='word_1_90' title='bbox 639 1212 759 1284; x_wconf 82' lang='lat' dir='ltr'>vinoque</span> <span class='ocrx_word' id='word_1_91' title='bbox 777 1212 890 1276; x_wconf 86' lang='lat' dir='ltr'>solutos,</span> 
     </span>
     <span class='ocr_line' id='line_1_15' title="bbox 221 1294 882 1368; baseline -0.003 -18"><span class='ocrx_word' id='word_1_92' title='bbox 221 1294 306 1367; x_wconf 83' lang='lat' dir='ltr'>Spem</span> <span class='ocrx_word' id='word_1_93' title='bbox 324 1296 398 1368; x_wconf 88' lang='lat' dir='ltr'>capit</span> <span class='ocrx_word' id='word_1_94' title='bbox 415 1295 445 1350; x_wconf 92' lang='lat' dir='ltr'>in</span> <span class='ocrx_word' id='word_1_95' title='bbox 463 1295 580 1350; x_wconf 87' lang='lat' dir='ltr'>dominis</span> <span class='ocrx_word' id='word_1_96' title='bbox 599 1313 659 1350; x_wconf 91' lang='lat' dir='ltr'>esse</span> <span class='ocrx_word' id='word_1_97' title='bbox 678 1295 782 1367; x_wconf 88' lang='lat' dir='ltr'>soporis</span> <span class='ocrx_word' id='word_1_98' title='bbox 799 1295 882 1348; x_wconf 73' lang='lat' dir='ltr'>idem,</span> 
     </span>
     <span class='ocr_line' id='line_1_16' title="bbox 183 1377 1041 1443; baseline 0.002 -11"><span class='ocrx_word' id='word_1_99' title='bbox 183 1377 286 1443; x_wconf 82' lang='lat' dir='ltr'>Intret,</span> <span class='ocrx_word' id='word_1_100' title='bbox 305 1383 334 1433; x_wconf 86' lang='lat' dir='ltr'>et</span> <span class='ocrx_word' id='word_1_101' title='bbox 351 1377 406 1432; x_wconf 90' lang='lat' dir='ltr'>huo</span> <span class='ocrx_word' id='word_1_102' title='bbox 423 1377 489 1432; x_wconf 88' lang='lat' dir='ltr'>illue</span> <span class='ocrx_word' id='word_1_103' title='bbox 507 1378 671 1432; x_wconf 86' lang='lat' dir='ltr'>temerarius</span> <span class='ocrx_word' id='word_1_104' title='bbox 690 1382 765 1432; x_wconf 87' lang='lat' dir='ltr'>errat</span> <span class='ocrx_word' id='word_1_105' title='bbox 783 1377 907 1432; x_wconf 76' lang='lat' dir='ltr'>adulter:</span> <span class='ocrx_word' id='word_1_106' title='bbox 986 1381 1041 1434; x_wconf 81' lang='lat'>335</span> 
     </span>
     <span class='ocr_line' id='line_1_17' title="bbox 219 1458 875 1531; baseline -0.003 -16"><span class='ocrx_word' id='word_1_107' title='bbox 219 1459 260 1515; x_wconf 85' lang='lat' dir='ltr'>Et</span> <span class='ocrx_word' id='word_1_108' title='bbox 276 1459 389 1530; x_wconf 77' lang='lat' dir='ltr'>prefert</span> <span class='ocrx_word' id='word_1_109' title='bbox 407 1465 501 1514; x_wconf 80' lang='lat' dir='ltr'>cautas</span> <span class='ocrx_word' id='word_1_110' title='bbox 520 1458 752 1531; x_wconf 84' lang='lat' dir='ltr'>subsequiturque</span> <span class='ocrx_word' id='word_1_111' title='bbox 769 1478 875 1515; x_wconf 84' lang='lat' dir='ltr'>munus.</span> 
     </span>
     <span class='ocr_line' id='line_1_18' title="bbox 184 1541 805 1613; baseline 0.002 -17"><span class='ocrx_word' id='word_1_112' title='bbox 184 1542 309 1598; x_wconf 81' lang='lat' dir='ltr'>Venerat</span> <span class='ocrx_word' id='word_1_113' title='bbox 327 1541 363 1596; x_wconf 82' lang='lat' dir='ltr'>ad</span> <span class='ocrx_word' id='word_1_114' title='bbox 380 1541 461 1596; x_wconf 85' lang='lat' dir='ltr'>strati</span> <span class='ocrx_word' id='word_1_115' title='bbox 478 1547 590 1613; x_wconf 86' lang='lat' dir='ltr'>captata</span> <span class='ocrx_word' id='word_1_116' title='bbox 607 1541 708 1596; x_wconf 89' lang='lat' dir='ltr'>cubilia</span> <span class='ocrx_word' id='word_1_117' title='bbox 724 1542 805 1606; x_wconf 85' lang='lat' dir='ltr'>lecti;</span> 
     </span>
     <span class='ocr_line' id='line_1_19' title="bbox 219 1623 758 1696; baseline 0 -16"><span class='ocrx_word' id='word_1_118' title='bbox 219 1624 260 1680; x_wconf 77' lang='lat' dir='ltr'>Et</span> <span class='ocrx_word' id='word_1_119' title='bbox 277 1625 367 1696; x_wconf 87' lang='lat' dir='ltr'>prima</span> <span class='ocrx_word' id='word_1_120' title='bbox 383 1623 450 1679; x_wconf 81' lang='lat' dir='ltr'>felix</span> <span class='ocrx_word' id='word_1_121' title='bbox 468 1630 542 1679; x_wconf 83' lang='lat' dir='ltr'>sorte</span> <span class='ocrx_word' id='word_1_122' title='bbox 560 1623 671 1678; x_wconf 85' lang='lat' dir='ltr'>futurus</span> <span class='ocrx_word' id='word_1_123' title='bbox 690 1629 758 1680; x_wconf 85' lang='lat' dir='ltr'>erat.</span> 
     </span>
     <span class='ocr_line' id='line_1_20' title="bbox 182 1706 742 1779; baseline -0.002 -16"><span class='ocrx_word' id='word_1_124' title='bbox 182 1707 226 1763; x_wconf 88' lang='lat' dir='ltr'>Ut</span> <span class='ocrx_word' id='word_1_125' title='bbox 243 1708 339 1779; x_wconf 89' lang='lat' dir='ltr'>tetigit</span> <span class='ocrx_word' id='word_1_126' title='bbox 356 1707 426 1762; x_wconf 80' lang='lat' dir='ltr'>fulvi</span> <span class='ocrx_word' id='word_1_127' title='bbox 444 1707 511 1762; x_wconf 88' lang='lat' dir='ltr'>setis</span> <span class='ocrx_word' id='word_1_128' title='bbox 529 1707 638 1761; x_wconf 86' lang='lat' dir='ltr'>hirsuta</span> <span class='ocrx_word' id='word_1_129' title='bbox 655 1706 742 1762; x_wconf 87' lang='lat' dir='ltr'>leonis</span> 
     </span>
     <span class='ocr_line' id='line_1_21' title="bbox 220 1789 866 1861; baseline 0 -17"><span class='ocrx_word' id='word_1_130' title='bbox 220 1790 342 1854; x_wconf 88' lang='lat' dir='ltr'>Vellera,</span> <span class='ocrx_word' id='word_1_131' title='bbox 360 1789 513 1861; x_wconf 88' lang='lat' dir='ltr'>pertimuit,</span> <span class='ocrx_word' id='word_1_132' title='bbox 533 1789 721 1860; x_wconf 88' lang='lat' dir='ltr'>sustinuitque</span> <span class='ocrx_word' id='word_1_133' title='bbox 737 1807 866 1855; x_wconf 69' lang='lat' dir='ltr'>manum</span> 
     </span>
     <span class='ocr_line' id='line_1_22' title="bbox 183 1872 842 1944; baseline 0.002 -18"><span class='ocrx_word' id='word_1_134' title='bbox 183 1872 385 1943; x_wconf 87' lang='lat' dir='ltr'>Attonitusque</span> <span class='ocrx_word' id='word_1_135' title='bbox 402 1877 481 1926; x_wconf 90' lang='lat' dir='ltr'>metu</span> <span class='ocrx_word' id='word_1_136' title='bbox 497 1872 593 1944; x_wconf 85' lang='lat' dir='ltr'>riguit,</span> <span class='ocrx_word' id='word_1_137' title='bbox 612 1878 645 1927; x_wconf 87' lang='lat' dir='ltr'>ut</span> <span class='ocrx_word' id='word_1_138' title='bbox 663 1891 734 1944; x_wconf 77' lang='lat' dir='ltr'>sepe</span> <span class='ocrx_word' id='word_1_139' title='bbox 752 1872 842 1928; x_wconf 82' lang='lat' dir='ltr'>viator</span> 
     </span>
     <span class='ocr_line' id='line_1_23' title="bbox 221 1953 799 2026; baseline -0.003 -16"><span class='ocrx_word' id='word_1_140' title='bbox 221 1953 376 2010; x_wconf 83' lang='lat' dir='ltr'>Turbatum</span> <span class='ocrx_word' id='word_1_141' title='bbox 392 1953 453 2009; x_wconf 83' lang='lat' dir='ltr'>viso</span> <span class='ocrx_word' id='word_1_142' title='bbox 469 1955 566 2009; x_wconf 86' lang='lat' dir='ltr'>retulit</span> <span class='ocrx_word' id='word_1_143' title='bbox 584 1973 675 2026; x_wconf 89' lang='lat' dir='ltr'>angue</span> <span class='ocrx_word' id='word_1_144' title='bbox 691 1954 799 2026; x_wconf 88' lang='lat' dir='ltr'>pedem.</span> 
     </span>
     <span class='ocr_line' id='line_1_24' title="bbox 183 2035 884 2109; baseline 0 -17"><span class='ocrx_word' id='word_1_145' title='bbox 183 2035 257 2092; x_wconf 91' lang='lat' dir='ltr'>Inde</span> <span class='ocrx_word' id='word_1_146' title='bbox 274 2035 337 2100; x_wconf 91' lang='lat' dir='ltr'>tori,</span> <span class='ocrx_word' id='word_1_147' title='bbox 357 2036 406 2108; x_wconf 90' lang='lat' dir='ltr'>qui</span> <span class='ocrx_word' id='word_1_148' title='bbox 420 2037 535 2108; x_wconf 86' lang='lat' dir='ltr'>junctus</span> <span class='ocrx_word' id='word_1_149' title='bbox 554 2042 621 2100; x_wconf 84' lang='lat' dir='ltr'>erat,</span> <span class='ocrx_word' id='word_1_150' title='bbox 639 2038 777 2092; x_wconf 88' lang='lat' dir='ltr'>velamina</span> <span class='ocrx_word' id='word_1_151' title='bbox 793 2037 884 2109; x_wconf 79' lang='lat' dir='ltr'>tangit</span> 
     </span>
     <span class='ocr_line' id='line_1_25' title="bbox 220 2116 774 2190; baseline 0.002 -17"><span class='ocrx_word' id='word_1_152' title='bbox 220 2118 328 2183; x_wconf 86' lang='lat' dir='ltr'>Mollia,</span> <span class='ocrx_word' id='word_1_153' title='bbox 346 2116 474 2174; x_wconf 77' lang='lat' dir='ltr'>mendaci</span> <span class='ocrx_word' id='word_1_154' title='bbox 490 2119 683 2190; x_wconf 89' lang='lat' dir='ltr'>decipiturque</span> <span class='ocrx_word' id='word_1_155' title='bbox 700 2125 774 2174; x_wconf 87' lang='lat' dir='ltr'>nota.</span> 
     </span>
     <span class='ocr_line' id='line_1_26' title="bbox 185 2201 779 2258; baseline -0.002 0"><span class='ocrx_word' id='word_1_156' title='bbox 185 2203 300 2258; x_wconf 83' lang='lat' dir='ltr'>Interea</span> <span class='ocrx_word' id='word_1_157' title='bbox 315 2201 423 2256; x_wconf 83' lang='lat' dir='ltr'>tunicas</span> <span class='ocrx_word' id='word_1_158' title='bbox 441 2219 490 2256; x_wconf 85' lang='lat' dir='ltr'>ora</span> <span class='ocrx_word' id='word_1_159' title='bbox 508 2201 638 2257; x_wconf 78' lang='lat' dir='ltr'>subducit</span> <span class='ocrx_word' id='word_1_160' title='bbox 656 2201 690 2257; x_wconf 89' lang='lat' dir='ltr'>ab</span> <span class='ocrx_word' id='word_1_161' title='bbox 709 2202 779 2257; x_wconf 83' lang='lat' dir='ltr'>ima:</span> 
     </span>
     <span class='ocr_line' id='line_1_27' title="bbox 221 2283 797 2356; baseline 0 -17"><span class='ocrx_word' id='word_1_162' title='bbox 221 2283 384 2339; x_wconf 89' lang='lat' dir='ltr'>Horrebant</span> <span class='ocrx_word' id='word_1_163' title='bbox 401 2283 493 2338; x_wconf 88' lang='lat' dir='ltr'>densis</span> <span class='ocrx_word' id='word_1_164' title='bbox 512 2302 610 2356; x_wconf 85' lang='lat' dir='ltr'>aspera</span> <span class='ocrx_word' id='word_1_165' title='bbox 628 2303 709 2338; x_wconf 87' lang='lat' dir='ltr'>crura</span> <span class='ocrx_word' id='word_1_166' title='bbox 725 2285 797 2355; x_wconf 88' lang='lat' dir='ltr'>pilis.</span> 
     </span>
     <span class='ocr_line' id='line_1_28' title="bbox 185 2366 860 2438; baseline 0 -16"><span class='ocrx_word' id='word_1_167' title='bbox 185 2366 294 2423; x_wconf 82' lang='lat' dir='ltr'>Oaetere</span> <span class='ocrx_word' id='word_1_168' title='bbox 309 2371 466 2421; x_wconf 86' lang='lat' dir='ltr'>tentantem</span> <span class='ocrx_word' id='word_1_169' title='bbox 484 2367 578 2422; x_wconf 90' lang='lat' dir='ltr'>cubito</span> <span class='ocrx_word' id='word_1_170' title='bbox 597 2366 760 2438; x_wconf 80' lang='lat' dir='ltr'>Tirynthius</span> <span class='ocrx_word' id='word_1_171' title='bbox 779 2367 860 2422; x_wconf 86' lang='lat' dir='ltr'>heros</span> 
     </span>
     <span class='ocr_line' id='line_1_29' title="bbox 220 2447 812 2522; baseline 0.002 -18"><span class='ocrx_word' id='word_1_172' title='bbox 220 2447 365 2522; x_wconf 85' lang='lat' dir='ltr'>Reppulit,</span> <span class='ocrx_word' id='word_1_173' title='bbox 385 2453 414 2502; x_wconf 88' lang='lat' dir='ltr'>et</span> <span class='ocrx_word' id='word_1_174' title='bbox 431 2467 539 2503; x_wconf 90' lang='lat' dir='ltr'>summo</span> <span class='ocrx_word' id='word_1_175' title='bbox 557 2449 660 2504; x_wconf 81' lang='lat' dir='ltr'>decidit</span> <span class='ocrx_word' id='word_1_176' title='bbox 676 2449 724 2505; x_wconf 91' lang='lat' dir='ltr'>ille</span> <span class='ocrx_word' id='word_1_177' title='bbox 741 2455 812 2505; x_wconf 88' lang='lat' dir='ltr'>toro.</span> 
     </span>
     <span class='ocr_line' id='line_1_30' title="bbox 183 2531 916 2604; baseline 0.003 -18"><span class='ocrx_word' id='word_1_178' title='bbox 183 2531 233 2586; x_wconf 81' lang='lat' dir='ltr'>Fit</span> <span class='ocrx_word' id='word_1_179' title='bbox 251 2550 349 2588; x_wconf 87' lang='lat' dir='ltr'>sonus:</span> <span class='ocrx_word' id='word_1_180' title='bbox 368 2531 499 2586; x_wconf 82' lang='lat' dir='ltr'>inclamat</span> <span class='ocrx_word' id='word_1_181' title='bbox 516 2532 637 2597; x_wconf 82' lang='lat' dir='ltr'>comites,</span> <span class='ocrx_word' id='word_1_182' title='bbox 657 2537 686 2587; x_wconf 89' lang='lat' dir='ltr'>et</span> <span class='ocrx_word' id='word_1_183' title='bbox 702 2533 809 2588; x_wconf 76' lang='lat' dir='ltr'>lumine</span> <span class='ocrx_word' id='word_1_184' title='bbox 824 2532 916 2604; x_wconf 84' lang='lat' dir='ltr'>poscit</span> 
     </span>
     <span class='ocr_line' id='line_1_31' title="bbox 220 2613 808 2688; baseline 0 -19"><span class='ocrx_word' id='word_1_185' title='bbox 220 2614 347 2670; x_wconf 72' lang='lat' dir='ltr'>Maeonis.</span> <span class='ocrx_word' id='word_1_186' title='bbox 384 2613 475 2668; x_wconf 85' lang='lat' dir='ltr'>Illstis</span> <span class='ocrx_word' id='word_1_187' title='bbox 493 2613 605 2684; x_wconf 90' lang='lat' dir='ltr'>ignibus</span> <span class='ocrx_word' id='word_1_188' title='bbox 624 2621 686 2670; x_wconf 80' lang='lat' dir='ltr'>octa</span> <span class='ocrx_word' id='word_1_189' title='bbox 702 2621 808 2688; x_wconf 86' lang='lat' dir='ltr'>patent.</span> 
     </span>
     <span class='ocr_line' id='line_1_32' title="bbox 184 2695 861 2769; baseline 0.001 -19"><span class='ocrx_word' id='word_1_190' title='bbox 184 2695 238 2751; x_wconf 78' lang='lat'>1110</span> <span class='ocrx_word' id='word_1_191' title='bbox 256 2697 343 2768; x_wconf 86' lang='lat' dir='ltr'>gemit</span> <span class='ocrx_word' id='word_1_192' title='bbox 360 2696 433 2752; x_wconf 88' lang='lat' dir='ltr'>lecto</span> <span class='ocrx_word' id='word_1_193' title='bbox 451 2697 574 2768; x_wconf 87' lang='lat' dir='ltr'>graviter</span> <span class='ocrx_word' id='word_1_194' title='bbox 592 2696 715 2769; x_wconf 88' lang='lat' dir='ltr'>dejectus</span> <span class='ocrx_word' id='word_1_195' title='bbox 735 2697 769 2752; x_wconf 89' lang='lat' dir='ltr'>ab</span> <span class='ocrx_word' id='word_1_196' title='bbox 788 2697 861 2751; x_wconf 72' lang='lat' dir='ltr'>altor</span> 
     </span>
     <span class='ocr_line' id='line_1_33' title="bbox 220 2777 880 2849; baseline 0.003 -17"><span class='ocrx_word' id='word_1_197' title='bbox 220 2777 405 2849; x_wconf 87' lang='lat' dir='ltr'>Membraque</span> <span class='ocrx_word' id='word_1_198' title='bbox 423 2779 458 2834; x_wconf 91' lang='lat' dir='ltr'>de</span> <span class='ocrx_word' id='word_1_199' title='bbox 476 2779 547 2834; x_wconf 86' lang='lat' dir='ltr'>dura</span> <span class='ocrx_word' id='word_1_200' title='bbox 563 2779 610 2834; x_wconf 82' lang='lat' dir='ltr'>vix</span> <span class='ocrx_word' id='word_1_201' title='bbox 629 2798 679 2835; x_wconf 85' lang='lat' dir='ltr'>sua</span> <span class='ocrx_word' id='word_1_202' title='bbox 696 2780 770 2835; x_wconf 89' lang='lat' dir='ltr'>tollit</span> <span class='ocrx_word' id='word_1_203' title='bbox 787 2779 880 2834; x_wconf 90' lang='lat' dir='ltr'>humo.</span> 
     </span>
    </p>
   </div>
   <div class='ocr_carea' id='block_1_3' title="bbox 181 2859 864 3170">
    <p class='ocr_par' dir='ltr' id='par_1_3' title="bbox 181 2859 850 3017">
     <span class='ocr_line' id='line_1_34' title="bbox 181 2859 850 2934; baseline 0.001 -19"><span class='ocrx_word' id='word_1_204' title='bbox 181 2859 271 2916; x_wconf 80' lang='lat' dir='ltr'>Ridet</span> <span class='ocrx_word' id='word_1_205' title='bbox 289 2866 318 2914; x_wconf 89' lang='lat' dir='ltr'>et</span> <span class='ocrx_word' id='word_1_206' title='bbox 335 2859 455 2925; x_wconf 83' lang='lat' dir='ltr'>Alcides,</span> <span class='ocrx_word' id='word_1_207' title='bbox 475 2866 504 2916; x_wconf 88' lang='lat' dir='ltr'>et</span> <span class='ocrx_word' id='word_1_208' title='bbox 522 2862 571 2934; x_wconf 90' lang='lat' dir='ltr'>qui</span> <span class='ocrx_word' id='word_1_209' title='bbox 587 2860 683 2918; x_wconf 83' lang='lat' dir='ltr'>videre</span> <span class='ocrx_word' id='word_1_210' title='bbox 699 2864 838 2934; x_wconf 84' lang='lat' dir='ltr'>jacentem</span> <span class='ocrx_word' id='word_1_211' title='bbox 843 2885 850 2926; x_wconf 90' lang='lat'>;</span> 
     </span>
     <span class='ocr_line' id='line_1_35' title="bbox 218 2941 791 3017; baseline 0.007 -21"><span class='ocrx_word' id='word_1_212' title='bbox 218 2941 306 2997; x_wconf 83' lang='lat' dir='ltr'>Ridet</span> <span class='ocrx_word' id='word_1_213' title='bbox 324 2948 474 2999; x_wconf 84' lang='lat' dir='ltr'>amatorem</span> <span class='ocrx_word' id='word_1_214' title='bbox 493 2943 574 3017; x_wconf 81' lang='lat' dir='ltr'>Lyda</span> <span class='ocrx_word' id='word_1_215' title='bbox 591 2945 685 3016; x_wconf 82' lang='lat' dir='ltr'>puella</span> <span class='ocrx_word' id='word_1_216' title='bbox 702 2963 791 3000; x_wconf 90' lang='lat' dir='ltr'>suum.</span> 
     </span>
    </p>

    <p class='ocr_par' dir='ltr' id='par_1_4' title="bbox 181 3024 864 3170">
     <span class='ocr_line' id='line_1_36' title="bbox 181 3024 828 3082; baseline 0.002 -2"><span class='ocrx_word' id='word_1_217' title='bbox 181 3025 271 3080; x_wconf 87' lang='lat' dir='ltr'>Veste</span> <span class='ocrx_word' id='word_1_218' title='bbox 289 3025 357 3080; x_wconf 83' lang='lat' dir='ltr'>dens</span> <span class='ocrx_word' id='word_1_219' title='bbox 374 3025 451 3080; x_wconf 87' lang='lat' dir='ltr'>lusus</span> <span class='ocrx_word' id='word_1_220' title='bbox 469 3024 596 3082; x_wconf 80' lang='lat' dir='ltr'>fallentes</span> <span class='ocrx_word' id='word_1_221' title='bbox 614 3027 720 3082; x_wconf 88' lang='lat' dir='ltr'>lumina</span> <span class='ocrx_word' id='word_1_222' title='bbox 736 3033 828 3082; x_wconf 84' lang='lat' dir='ltr'>vestes</span> 
     </span>
     <span class='ocr_line' id='line_1_37' title="bbox 218 3107 864 3170; baseline 0.003 -10"><span class='ocrx_word' id='word_1_223' title='bbox 218 3107 285 3161; x_wconf 85' lang='lat' dir='ltr'>Non</span> <span class='ocrx_word' id='word_1_224' title='bbox 303 3111 385 3170; x_wconf 84' lang='lat' dir='ltr'>amat,</span> <span class='ocrx_word' id='word_1_225' title='bbox 405 3112 434 3162; x_wconf 83' lang='lat' dir='ltr'>et</span> <span class='ocrx_word' id='word_1_226' title='bbox 451 3108 540 3162; x_wconf 91' lang='lat' dir='ltr'>nudos</span> <span class='ocrx_word' id='word_1_227' title='bbox 559 3110 595 3163; x_wconf 84' lang='lat' dir='ltr'>cd</span> <span class='ocrx_word' id='word_1_228' title='bbox 613 3127 664 3163; x_wconf 82' lang='lat' dir='ltr'>sua</span> <span class='ocrx_word' id='word_1_229' title='bbox 682 3127 759 3164; x_wconf 85' lang='lat' dir='ltr'>secra</span> <span class='ocrx_word' id='word_1_230' title='bbox 775 3114 864 3164; x_wconf 78' lang='lat' dir='ltr'>vocet.</span> 
     </span>
    </p>
   </div>
   <div class='ocr_carea' id='block_1_4' title="bbox 0 0 1130 3706">
    <p class='ocr_par' dir='ltr' id='par_1_5' title="bbox 0 0 1130 3706">
     <span class='ocr_line' id='line_1_38' title="bbox 0 0 1130 3706; baseline 0 0"><span class='ocrx_word' id='word_1_231' title='bbox 0 0 1130 3706; x_wconf 95' lang='lat' dir='ltr'> </span> 
     </span>
    </p>
   </div>
  </div>
 </body>
</html>
