2250 3704
178 97 216 156 74
341 99 375 154 P.
394 99 532 156 OVIDII
549 98 727 156 NASONIS
745 97 870 156 FASTI.

178 240 264 296 Nunc
281 248 360 314 potes
379 243 415 298 cd
432 244 519 299 solem
536 244 645 299 subluto
663 243 755 300 dicere
772 243 871 300 vultu:

214 323 272 380 Hie
289 324 356 380 here
373 326 501 382 Phrixeos
516 327 620 382 vellere
636 329 737 399 pressit
755 328 822 382 evis.

179 405 336 463 Seminibus
353 409 435 464 tostis
453 409 591 465 scelerate
609 409 707 464 fraude
725 427 848 465 noverca

215 487 374 545 Sustulerct
390 491 490 556 nullas,
508 497 542 547 nt
559 492 639 556 solet,
657 491 745 547 herbe
762 510 863 547 comus.

178 568 308 626 Mittitur
324 573 361 627 ad
377 574 511 645 tripodas,
530 580 607 629 ccrts
624 574 673 646 qui
690 579 766 629 sorte
783 578 915 646 reportet,
981 578 1034 631 855

214 652 308 720 Quum
325 655 414 710 sterili
430 662 512 711 terrae
530 656 683 728 Delphicus
701 656 767 711 edre
784 669 874 728 opem.

179 733 237 790 Hic
255 755 365 808 quoque
383 745 530 810 corruptus
548 757 612 794 cum
629 739 734 793 semine
751 738 864 793 nuntiet
881 737 981 794 Helles

214 816 255 874 Et
269 820 380 890 juvenis
398 820 498 875 Phrixi
514 820 615 876 irruere
630 826 706 876 sorte
723 821 791 893 peti

178 899 278 972 Usque
294 908 469 958 recusantem
487 903 569 967 cives,
589 909 618 958 et
634 909 755 975 tempus,
773 909 802 958 et
820 902 874 958 Ino

214 982 413 1055 Compulercnt
430 1003 525 1056 regern
539 986 619 1057 jussu
635 985 756 1040 nefande
772 985 832 1056 peti
840 1009 848 1050 5
983 989 1038 1042 860

178 1064 220 1119 Et
237 1083 324 1130 soror,
341 1064 372 1122 'et
388 1067 518 1131 Phrixus,
534 1067 620 1123 velati
637 1073 764 1140 tempore
779 1067 858 1122 vittis

216 1147 298 1203 Stant
315 1149 398 1204 simul
415 1155 479 1204 ente
497 1169 567 1214 cras,
583 1151 737 1222 junctoque
754 1149 813 1204 fatu
830 1155 955 1220 gemunt.

179 1229 308 1302 Adspicit
325 1232 385 1296 hos,
403 1238 437 1287 ut
454 1231 527 1288 forte
544 1232 716 1304 pependerat
734 1231 844 1295 ethere,
863 1237 963 1295 mator,

215 1312 255 1368 Et
272 1313 339 1368 ferit
356 1315 476 1370 attonitu
492 1321 606 1386 pectore
623 1315 700 1370 nuda
716 1333 818 1378 munu3

179 1393 272 1466 Inque
290 1396 502 1468 draconigenam
519 1397 620 1452 nimbis
639 1396 835 1451 comitantibus
853 1395 953 1451 urbem
985 1401 1040 1454 865

215 1477 326 1542 Desilit,
345 1485 375 1533 et
391 1485 471 1534 ustos
490 1478 573 1550 eripit
589 1479 655 1534 iude
674 1496 748 1533 suos.

179 1558 276 1631 thue
293 1560 389 1633 firgcrn
407 1561 525 1633 cupient,
545 1562 615 1617 eries
633 1561 817 1616 nitidissimus
835 1578 901 1615 suro

216 1642 356 1699 Traditur.
392 1643 447 1699 Ille
459 1643 538 1699 vehit
555 1661 607 1716 per
623 1643 697 1698 frete
713 1643 797 1714 longa
814 1643 892 1698 duos.

181 1724 295 1780 Dicitur
312 1727 424 1781 infirme
441 1744 527 1782 cornu
545 1726 668 1781 tenuisse
687 1726 801 1782 sinistre

217 1806 350 1872 Foemins,
371 1827 434 1863 cum
452 1809 487 1864 de
506 1827 535 1864 se
553 1809 666 1863 nomine
683 1808 751 1863 fecit
772 1825 858 1878 eque.
985 1809 1044 1864 870
1113 1861 1124 1878 ,

181 1888 265 1944 Poene
283 1890 367 1946 simul
383 1891 476 1962 periit,
494 1891 562 1946 dum
579 1891 641 1945 vult
658 1909 819 1946 succurrere
836 1889 929 1961 lcpsae,

216 1971 325 2037 Frater,
345 1979 374 2028 et
392 1979 517 2028 extentus
535 1973 655 2045 porrigit
671 1991 760 2044 usque
777 1991 884 2026 muniis.

181 2054 290 2118 Flebat,
309 2060 343 2110 ut
360 2056 461 2110 emisse
477 2056 582 2128 gemini
599 2061 726 2111 consorte
743 2053 849 2126 pericli,

218 2136 342 2192 Oaemlco
357 2137 484 2208 junctam
501 2131 612 2192 nescius
631 2155 691 2192 esse
709 2137 771 2191 deo.

181 2218 336 2274 Littoribus
353 2220 436 2274 tactis
454 2220 525 2275 aries
543 2219 577 2274 fit
596 2220 689 2275 sidus:
709 2225 738 2274 ct
755 2217 840 2289 hujus
988 2219 1046 2276 875

217 2301 350 2356 Pervenit
366 2301 397 2356 in
415 2301 531 2357 Colchus
550 2321 635 2358 curce
649 2302 714 2357 lens
731 2302 837 2356 domos.

181 2444 250 2502 Tres
267 2443 317 2499 ubi
334 2443 477 2500 Luciferos
494 2443 609 2499 veniens
626 2443 791 2518 premiserit
808 2441 875 2507 Eos,

217 2527 354 2600 Tempore
371 2527 513 2582 nocturnis
531 2545 611 2598 aequs
629 2526 729 2581 diurna
747 2525 828 2580 feres.

181 2667 254 2723 Indo
272 2673 372 2740 quater
388 2673 483 2740 pastor
501 2672 609 2722 saturos
627 2666 678 2722 ubi
696 2665 826 2722 clauserit
842 2665 945 2732 haedos,

218 2749 369 2805 Ocnuerint
386 2749 479 2804 herbae
496 2769 559 2804 rore
577 2755 689 2804 recente
707 2757 823 2820 quaten
989 2755 1054 2808 880

181 2830 272 2888 Jcnus
290 2833 455 2895 edornndus,
475 2851 593 2904 cumque
611 2831 664 2886 hoc
682 2829 837 2886 Concordia
853 2831 938 2895 mitis,

217 2913 258 2970 Et
274 2913 402 2970 Romane
420 2915 509 2979 Salus,
529 2933 632 2987 eraque
651 2913 732 2970 Pacis
752 2913 814 2969 erit.

183 3055 265 3110 Luna
281 3058 355 3126 regit
372 3077 490 3113 menses.
527 3058 624 3130 Hujus
643 3075 754 3129 quoque
771 3063 899 3131 tempore
916 3060 1029 3116 mensis

219 3134 297 3188 Finit
314 3137 455 3191 Aventino
474 3137 555 3193 Lunu
572 3139 689 3194 colende
702 3139 781 3210 jugo.

1103 2833 1122 2984 t

1098 2989 1122 3108 r
