2252 3706
63 84 104 154 u]
419 83 545 141 susm.

62 227 167 284 Dexter
182 227 248 284 ades
267 227 392 292 ducibus,
411 246 530 300 quorum
547 246 645 284 seeura
661 226 756 284 labore

97 310 160 365 Otie
176 316 252 366 terra
268 311 354 376 ferax,
374 311 432 366 otis
447 316 550 382 pontus
568 311 635 382 agit.

61 394 165 449 Dexter
182 393 248 448 edes
265 394 448 466 patribusque
465 393 530 458 tuis,
549 393 707 466 populoque
726 391 847 462 Quirini,

95 476 134 532 Et
150 494 243 532 resera
259 482 332 532 nutu
349 475 461 531 condita
477 476 582 547 templa
599 482 657 531 tuo.
803 473 812 490 ³
872 475 909 533 70

60 559 195 630 Prospera
205 559 254 614 lux
272 559 379 614 oritur:
404 558 562 630 linguisque
580 559 733 631 animisque
751 558 858 614 favete:

94 641 177 697 Nune
194 641 312 697 dicenda
327 641 402 697 bono
421 648 487 697 sunt
503 641 578 697 bona
594 641 681 697 verba
698 642 752 697 die.

22 695 29 752 i
59 724 236 780 Lite.vaeent
253 743 342 788 aures,
361 725 513 796 insanaque
530 725 659 797 protinus
677 723 770 780 absint

94 807 208 879 Jurgia:
229 805 310 862 differ
328 825 406 878 opus,
424 807 510 862 livida
526 807 630 879 lingua,
649 812 739 862 tuum.

58 889 161 954 Cernis,
179 890 301 946 ederatis
318 897 351 946 ut
368 891 460 946 luceat
477 890 589 962 ignibus
607 890 704 954 esther,
871 889 907 946 75

93 972 133 1028 Et
149 978 229 1028 sonet
247 974 366 1030 senensis
385 973 461 1045 spica
479 973 579 1028 Cilissa
595 972 685 1028 loeis?
751 1025 755 1032 .

58 1055 183 1111 Flamma
199 1056 289 1112 nitore
308 1075 358 1112 suo
376 1057 545 1130 templorum
562 1056 692 1112 verberat
711 1073 819 1120 eurum,

92 1138 132 1194 Et
148 1140 299 1197 tremulum
316 1157 425 1195 summe
442 1139 552 1212 spargit.
566 1139 597 1194 in
614 1139 673 1194 aede
689 1138 781 1210 jubar.

57 1221 189 1278 Vestibus
206 1223 318 1278 intentis
336 1221 467 1294 Taipeias
485 1222 544 1276 itur
561 1221 591 1276 in
609 1240 702 1276 arces:

91 1308 130 1364 Et
146 1310 265 1382 populus
283 1309 355 1364 festo
373 1308 502 1363 eoneolor
518 1308 578 1380 ipse
597 1325 648 1363 suo
666 1313 718 1363 est.
871 1310 908 1362 80

56 1391 175 1464 Jamque
192 1393 258 1448 novi
274 1398 401 1465 preeunt
418 1391 526 1447 faseesz
545 1409 619 1446 nova
635 1408 760 1462 purpura
777 1389 883 1464 fulget:

89 1473 130 1530 Et
146 1493 219 1531 nova
235 1476 414 1548 conspicuum
430 1474 555 1547 pondera
573 1474 659 1530 sentit
677 1474 757 1529 ebur.

54 1558 133 1613 Colla
149 1559 232 1614 rudes
250 1577 365 1630 operum
382 1557 508 1629 praebent
525 1557 652 1613 ferienda
666 1555 789 1628 juvenci,

91 1641 169 1710 Quos
186 1642 256 1697 aluit
273 1642 376 1713 eampis
393 1640 481 1696 herba
498 1641 609 1696 Falisca
626 1641 693 1696 suis.

50 1725 174 1798 Jupiter,
193 1743 256 1780 aree
274 1743 324 1780 sua
341 1729 434 1780 totum
451 1742 515 1778 eum
532 1728 641 1794 spectat
659 1723 689 1776 in
707 1721 813 1787 orbem,
869 1724 905 1777 85

88 1807 140 1862 Nil
156 1808 211 1862 nisi
226 1807 394 1871 Romanum,
414 1806 491 1878 quod
508 1811 632 1870 tueatur,
651 1805 746 1861 habet.

52 1891 146 1955 Salve,
165 1891 229 1946 loeta
245 1891 312 1954 dies,
332 1890 486 1961 meliorque
504 1895 645 1944 revertere
663 1906 782 1960 semper,

87 1975 115 2030 A
132 1975 235 2046 populo
252 1993 346 2030 rerum
364 1973 451 2044 digna
467 1978 587 2044 potente
605 1972 666 2028 aeli.

50 2057 145 2126 Quem
162 2062 257 2112 tamen
274 2074 335 2112 esse
353 2056 437 2111 deum
453 2060 482 2110 te
502 2055 601 2118 diuam,
621 2053 695 2110 Jane
712 2053 861 2110 biformis?

86 2140 117 2195 N
119 2159 164 2195 em
180 2140 234 2195 tibi
250 2157 302 2211 psr
318 2139 428 2194 nullum
445 2136 554 2194 Graeeia
570 2157 675 2194 numen
692 2137 788 2194 habet.
869 2140 907 2192 90

48 2223 113 2279 Ede
131 2223 214 2278 simul
232 2241 352 2285 eausam,
371 2239 421 2278 eur
439 2220 474 2276 de
493 2221 653 2278 eoelestibus
671 2239 745 2276 unus

88 2305 187 2378 Sitque
205 2305 280 2377 quod
298 2324 315 2360 a
331 2311 419 2376 tergo,
439 2304 531 2376 sitque
549 2304 625 2376 quod
643 2309 717 2368 ante,
736 2303 823 2360 vides.

50 2389 123 2445 Haee
142 2407 195 2460 ego
213 2407 275 2444 eum
293 2388 391 2443 sumtis
410 2389 546 2460 agitarem
562 2392 656 2442 mente
674 2385 793 2449 tabellis,

87 2471 220 2527 Lueidior
236 2471 296 2526 visa
314 2477 365 2535 est,
385 2490 471 2543 quam
489 2469 544 2524 fuit
562 2474 636 2531 ante,
655 2468 763 2524 domus.

48 2556 125 2611 Tum
143 2573 227 2618 saeer,
247 2553 361 2626 ancipiti
378 2553 521 2608 mirandus
540 2550 670 2622 imagine,
689 2548 781 2606 Janus
870 2552 904 2605 95

86 2638 162 2694 Bina
177 2656 277 2710 repens
296 2637 383 2692 oculis
401 2636 504 2693 obtulit
522 2653 571 2690 ora
587 2633 666 2689 meis.

48 2721 203 2794 Obstupui,
222 2721 351 2792 sensique
368 2726 448 2775 metu
464 2717 582 2790 riguisse
601 2714 723 2788 capillos,

85 2804 129 2872 Et
146 2803 270 2876 gelidum
288 2803 381 2858 subite
399 2801 502 2874 frigore
520 2805 619 2873 peetus
637 2803 707 2853 erat.

45 2888 105 2944 Ille
123 2893 224 2943 tenens
243 2887 342 2942 dextra
358 2885 498 2948 baculum,
517 2883 678 2952 clavemque
696 2879 818 2946 sinistra,

84 2969 188 3026 Edidit
204 2969 257 3025 hos
274 2968 355 3025 nobis
374 2986 422 3024 ore
439 2967 532 3040 priore
551 2983 648 3020 sonos:
854 2965 908 3020 100

44 3054 148 3117 Disce,
166 3057 246 3108 metu
262 3052 363 3126 posite,
382 3056 461 3108 vates
479 3065 595 3122 operose
613 3047 730 3111 dierum,

86 3135 175 3204 Quod
191 3135 274 3206 petis,
294 3140 323 3189 et
340 3151 421 3190 voces
439 3132 551 3205 percipe
569 3135 663 3186 mente
680 3147 765 3186 meas.

44 3219 101 3276 Me
122 3218 215 3274 Chaos
234 3216 343 3289 antiqui
362 3219 437 3287 (nam
454 3233 499 3272 res
517 3233 580 3270 sum
597 3213 699 3285 prisea)
717 3209 870 3268 vocabant:

82 3301 221 3376 Adspiee,
239 3317 324 3374 quam
341 3299 417 3373 longi
434 3297 568 3372 temperis
586 3301 649 3354 aeta
666 3313 771 3354 uanam.
