2252 3706
176 88 212 145 70
407 85 441 141 Ρ.
460 83 599 140 OVIDII
617 83 795 141 NASONIS
953 83 1031 179 [Lm.

172 231 227 286 Ille
245 231 358 303 quidem
376 231 444 286 ooelo
461 231 568 303 positus
587 229 666 284 Jovis
685 229 758 284 atria
775 235 877 296 servat,

208 313 248 368 Et
265 321 343 368 tenet
360 314 390 367 in
407 331 511 384 magno
527 313 632 384 templa
650 313 742 368 dicata
760 312 843 368 Foro.

172 398 213 452 At
231 395 390 468 quicunque
408 395 486 450 nesae
505 396 573 459 ausi,
593 395 759 466 prohibente
778 395 895 450 deorum
981 395 1031 453 706

208 477 341 541 Numine,
360 478 517 550 polluerant
534 475 698 549 pontificale
712 482 804 550 eaput,

174 561 270 616 Morte
286 562 382 632 jaoent
398 561 508 615 merita.
545 561 643 615 Teates
663 567 754 615 estote
772 559 905 632 Philippi,

209 641 249 698 Et
267 661 385 714 quorum
403 643 505 713 apamia
524 641 631 698 oeaibua
651 642 726 697 albet
742 643 852 697 humue.
1078 671 1099 718 v,

176 725 242 781 Hoo
260 743 338 797 opue,
357 724 415 778 haee
432 725 530 796 pietae,
549 725 608 780 haeo
625 725 715 796 prima
732 725 870 780 elementa
887 725 1003 781 fuerunt

159 879 168 885 -
211 808 333 873 Oaesaris,
346 807 442 862 ulciaei
457 809 535 879 juata
552 825 604 880 per
622 825 699 862 erma
716 814 834 880 patrem.
980 809 1032 866 710

173 966 290 1021 Postera
307 982 370 1018 eum
387 969 499 1020 tenerae
516 965 629 1019 Aurora
644 963 773 1019 refecerit
790 964 902 1031 herbae,

210 1047 338 1118 Scorpios
356 1065 373 1102 1
389 1046 480 1118 prima
496 1053 578 1118 parte
594 1047 732 1102 ridendus
750 1047 812 1102 erit.

173 1205 270 1260 Tertia
286 1210 351 1277 poet
368 1203 437 1259 Idus
455 1204 505 1259 lux
523 1209 567 1260 eet
585 1204 765 1260 celeberrima
782 1203 904 1259 Baeeho.

210 1287 328 1351 Bacche,
347 1286 409 1342 fave
427 1287 494 1350 veti,
513 1287 581 1342 dum
597 1292 648 1342 tua
664 1287 738 1342 festa
755 1303 835 1342 eane.

174 1370 204 1424 N
206 1389 237 1425 ec
248 1369 369 1424 referam
382 1368 518 1432 Semelen,
528 1369 564 1424 ed
576 1388 660 1440 quam
671 1370 727 1424 niai
738 1369 854 1424 fulmina
865 1387 963 1424 reeum
981 1370 1032 1427 715

210 1452 323 1524 Jupiter
340 1451 471 1513 adferret,
490 1469 591 1522 paraus
609 1452 722 1507 inermia
741 1471 817 1507 erae:

175 1534 245 1598 Nee,
264 1552 336 1606 puer
352 1539 385 1589 ut
401 1551 497 1604 possea
515 1539 625 1588 maturo
642 1540 769 1606 tempore
786 1534 870 1598 nasei,

209 1617 363 1688 Expletum
379 1616 471 1687 patrio
489 1633 603 1686 eor-pore
621 1616 718 1670 matria
737 1634 814 1671 onus.

177 1703 315 1766 Sithonas,
330 1707 358 1757 et
378 1701 522 1773 Seythieoa
540 1702 657 1772 longum
675 1720 838 1758 enumerare
855 1702 1025 1774 triumphos,

211 1789 251 1844 Et
269 1789 388 1843 domitae
406 1794 513 1860 gentes,
531 1788 652 1843 thurifer
670 1789 751 1853 Inde,
771 1795 843 1844 tuas.
980 1789 1033 1847 720

176 1875 220 1931 Tu
237 1893 347 1946 quoque
366 1873 504 1929 Thebane
521 1874 595 1928 mala
611 1875 705 1945 praeda
722 1874 849 1929 tacebere
866 1875 980 1930 matria:

211 1957 302 2027 Inque
321 1962 402 2011 tuum
419 1955 513 2011 Furiis
532 1961 601 2019 aete,
622 1955 760 2028 Lycurge,
779 1975 862 2027 genu.

174 2039 249 2095 Eece
267 2038 335 2094 libet
353 2037 460 2093 aubitoa
477 2039 575 2110 pisces,
596 2038 797 2110 Tyrrheneque
814 2044 940 2094 monstra

211 2125 328 2188 Dieere;
349 2124 472 2178 sednon
490 2130 533 2178 eat
552 2125 680 2179 carminis
699 2125 782 2195 hujus
800 2142 878 2196 opus.

176 2211 312 2268 Carminis
330 2211 413 2282 hujus
432 2229 509 2283 opus,
529 2227 625 2266 caueae
644 2229 814 2282 expromere,
833 2229 919 2282 quara
980 2211 1033 2269 725

210 2293 284 2348 Vilis
303 2311 371 2347 anua
389 2292 505 2364 populos
523 2293 560 2347 ad
577 2309 628 2348 aua
644 2293 703 2347 iiba
720 2297 808 2348 vocet.

174 2377 250 2439 Anto
267 2381 330 2430 tuos
348 2381 426 2430 ortus
445 2393 498 2430 arae
516 2376 577 2430 aine
594 2375 699 2430 honore
717 2375 842 2438 fuerunt,

210 2463 303 2527 Liber,
323 2467 352 2517 et
370 2460 399 2516 in
417 2462 514 2533 gelidis
532 2463 621 2518 herba
638 2467 749 2534 reperta
765 2461 843 2516 focis.

175 2550 216 2606 Te
234 2554 397 2613 memorant,
417 2548 516 2620 Gunge
534 2554 650 2620 totoque
669 2549 786 2604 Oriente
805 2548 929 2611 aubaoto,

211 2632 351 2687 Primitiae
369 2649 471 2702 magno
489 2631 645 2702 seposuisse
663 2631 684 2686 J
685 2631 739 2685 ovi.
980 2631 1038 2688 730

176 2713 311 2768 Ginnama
327 2720 361 2768 tu
377 2714 483 2785 primus
503 2715 666 2785 captivaque
683 2713 767 2768 thura
784 2711 894 2775 dediati,

210 2795 310 2867 Deque
328 2796 501 2867 triumphato
518 2797 625 2851 viaoera
642 2801 718 2850 toste
735 2795 814 2850 bove.

175 2878 298 2934 Nomine
317 2878 352 2932 ab
371 2879 491 2933 auctoris
510 2878 616 2933 ducunt
634 2877 768 2932 libamina
785 2893 895 2939 nomen,

211 2959 345 3032 Libaque,
365 2960 441 3030 quod
459 2962 543 3016 saeris
560 2979 625 3032 para
645 2960 729 3015 datur
746 2959 811 3014 inde
829 2956 909 3012 fooia.

175 3041 248 3094 Libe
265 3042 317 3094 deo
335 3040 422 3094 fiunt:
443 3043 531 3096 eueoie
550 3043 616 3112 quia
634 3042 761 3097 dulcibus
780 3040 827 3094 ille
980 3041 1037 3098 7³5

211 3119 331 3180 Gaudet,
351 3125 379 3172 et
397 3138 414 3173 a
431 3120 541 3177 Baeoho
559 3123 643 3177 mella
659 3130 772 3194 reperta
790 3123 894 3176 serunt.

176 3196 242 3248 Ibat
261 3213 375 3249 aranoao
393 3198 499 3268 Satyris
517 3203 664 3256 eomitatua
683 3203 719 3256 ab
738 3201 852 3257 Hebro:

214 3273 292 3340 (Non
309 3274 394 3328 habet
411 3277 535 3345 ingratos
553 3281 649 3337 fabula
665 3289 763 3338 nostra
777 3285 856 3352 joooe
866 3285 885 3349 ε)
