2250 3704
78 96 137 168 vr]
426 99 553 156 rnsra
865 107 917 161 141

76 243 161 298 Notus
178 262 256 300 amor
273 242 406 306 Phaedroe,
425 249 493 298 nota
510 249 553 299 est
571 245 674 317 injuria
691 245 809 303 Theseis

107 325 222 381 Devovit
239 333 337 382 notum
354 326 484 382 credulus
501 327 548 382 illo
566 347 658 384 suum.

76 408 137 464 Non
153 410 263 481 impune
280 410 344 482 pius
360 409 471 481 juvenis
490 409 623 466 Troezena
639 413 762 483 petebat.

107 491 210 547 Dividit
228 493 371 547 obstantes
388 498 502 564 pectore
520 498 617 548 taurus
636 512 730 564 aquas.
865 495 919 555 740

75 573 183 629 Solliciti
199 579 341 630 terrentur
359 575 432 646 equi,
451 575 611 648 frustraque
629 577 733 633 retenti

105 655 156 711 Por
173 656 298 728 scopulos
317 657 460 712 dominum
479 658 603 730 duraque
622 677 689 714 saxa
705 660 833 718 trahunt.

73 737 214 794 Exciderat
232 758 323 803 curru,
342 738 464 812 lorisque
483 742 654 797 morantibus
673 748 752 799 artus

105 815 273 893 Hippolytus
291 821 383 877 lacero
401 840 516 894 corpore
534 829 631 896 raptus
651 830 727 881 erat:

71 904 292 976 Reddideratque
302 905 431 970 animum,
441 905 563 962 multum
574 907 739 980 indignante
750 909 852 966 Diana.
865 909 918 969 745

104 987 197 1051 Nulla,
216 986 378 1052 Coronides,
397 1007 480 1043 causa
497 989 609 1054 doloris,
628 991 676 1046 ait.

69 1069 195 1142 Namque
212 1071 259 1142 pio
274 1071 373 1142 juveni
390 1071 478 1126 vitam
496 1071 556 1128 sine
573 1073 690 1128 vulnere
708 1074 847 1141 reddam

105 1152 144 1207 Et
161 1153 261 1210 cedent
279 1153 334 1208 arti
350 1153 443 1208 tristia
460 1152 519 1208 fata
537 1173 615 1210 meae.

72 1235 202 1291 Gramina
220 1236 351 1291 continuo
368 1235 465 1291 loculis
484 1236 622 1308 depromit
639 1238 767 1295 eburnis:

104 1317 273 1373 Profuerunt
291 1317 391 1372 Glauci
408 1318 535 1374 manibus
553 1320 602 1374 illa
618 1321 714 1392 prius;
867 1323 922 1382 750

71 1399 156 1464 Timo,
176 1418 239 1456 cum
256 1400 417 1456 observatas
435 1419 525 1472 augur
543 1402 687 1458 deseendit
705 1404 735 1458 in
751 1404 863 1472 herbas,

104 1481 179 1538 Usus
197 1487 226 1538 et
245 1482 347 1538 auxilio
365 1489 409 1538 est
426 1485 524 1555 angliis
542 1485 577 1540 ab
595 1503 685 1558 angue
704 1486 778 1542 dato.

69 1562 188 1620 Pectora
205 1570 249 1619 ter
267 1565 370 1637 tetigit,
389 1572 434 1622 ter
451 1567 538 1622 verba
556 1568 679 1624 salubria
695 1570 782 1626 dixit:

104 1645 272 1718 Depositum
290 1653 367 1703 terra
384 1649 499 1704 sustulit
515 1649 562 1704 ille
581 1656 673 1722 caput.

68 1728 162 1784 Lucus
181 1747 253 1794 eum,
272 1731 449 1803 nemorisque
468 1732 512 1786 sui
529 1732 674 1804 Dictynna
691 1751 803 1791 recessu
869 1735 922 1794 755

104 1810 201 1866 Celat:
220 1811 335 1867 Aricino
353 1812 470 1869 Virbius
488 1814 535 1869 ille
552 1814 624 1870 lacu.

6 1895 12 1932 l
67 1894 109 1948 At
129 1892 280 1965 Clymenus
300 1893 456 1967 Clothoque
475 1895 579 1961 dolent,
597 1896 665 1962 haec,
683 1897 732 1953 fila
749 1900 850 1965 reneri,

103 1974 170 2039 Hic,
190 1973 252 2030 fieri
269 1977 350 2048 regni
364 1978 430 2050 jura
448 1979 556 2036 minora
574 1981 626 2036 sui

66 2057 192 2129 Jupiter,
212 2059 369 2132 exemplum
386 2061 501 2125 veritus,
520 2063 622 2118 &exit
639 2064 669 2118 in
686 2063 766 2121 illum

102 2139 244 2205 Fulmina,
264 2142 313 2213 qui
330 2143 422 2198 nimia
439 2150 565 2200 moverat
582 2146 651 2201 artis
669 2165 760 2219 opem.
867 2147 921 2207 760

62 2221 184 2286 Phoebe,
204 2222 374 2294 querebaris.
410 2221 489 2277 Deus
507 2231 566 2279 est:
585 2227 694 2297 placare
712 2230 839 2301 parenti3
905 2259 909 2266 ·

99 2305 224 2377 Propter
242 2310 282 2369 te,
300 2302 362 2358 fleri
380 2303 456 2374 quod
472 2310 559 2368 vetut,
579 2307 638 2376 ipse
655 2308 733 2366 facit.

6 691 35 745 'l

59 2474 91 2530 N
92 2493 134 2530 on
152 2492 207 2546 ego
223 2478 261 2538 te,
281 2473 406 2546 quamvis
423 2473 585 2545 properabis
602 2475 722 2541 vincere,
742 2478 842 2544 Caesar,

100 2557 135 2612 Si
152 2562 231 2612 vetet
249 2557 410 2629 auspicium,
430 2557 510 2629 signa
526 2576 638 2615 movere
655 2560 749 2616 velim.

60 2639 131 2696 Sint
150 2639 205 2695 tibi
223 2638 377 2694 Flaminius
397 2639 613 2714 Trasimenaque
631 2640 727 2698 littora
744 2647 839 2710 testes,
870 2643 923 2702 765

7 2715 8 2792 l
97 2721 161 2776 Per
178 2720 303 2776 volucres
322 2738 414 2792 aequos
432 2722 522 2778 multa
538 2741 653 2780 monere
671 2723 747 2780 deos.

7 2847 8 2854 ,
58 2803 208 2876 Tempora
225 2803 250 2857 si
266 2803 369 2858 veteris
387 2805 488 2875 quaeris
506 2806 654 2862 temeraria
672 2807 775 2872 damni,

7 2871 10 2914 l
99 2886 232 2954 Quartus
251 2885 286 2941 ab
305 2891 430 2942 exuemo
447 2906 541 2944 meme
560 2889 603 2944 bis
621 2888 668 2946 ille
687 2889 756 2945 dies.

7 2943 26 2997 7
56 2967 187 3024 Postera
204 2967 253 3024 lux
270 2968 376 3025 melior.
416 2967 536 3041 Superat
553 2969 707 3028 Masinissa
726 2971 899 3045 Syphacem

95 3050 144 3106 Et
164 3049 264 3106 cecidit
281 3049 345 3107 telis
364 3049 527 3108 Hasdrubal
544 3052 604 3124 ipse
623 3053 690 3109 suis.
872 3056 926 3116 770

54 3134 209 3206 Tempora
225 3133 367 3200 labuntur,
386 3135 535 3206 tacitisque
553 3135 720 3192 senescimus
739 3138 818 3194 annis

95 3216 144 3274 Et
164 3215 284 3288 fugiunt,
303 3216 384 3274 freno
401 3236 458 3274 non
475 3225 641 3285 remorante,
660 3219 729 3276 dies.
