2250 3704
199 107 252 164 142
431 104 464 160 P.
484 103 622 160 OVIDII
641 103 819 160 NASONIS
970 105 1041 178 [Lm.

197 250 291 319 Quem
308 250 364 306 eito
381 255 519 305 venenmt
536 249 669 304 Fortune
687 249 781 304 Fortis
799 249 936 306 honores!

236 332 306 388 Post
323 338 430 404 septem
447 332 523 387 luces
542 331 646 386 Junius
665 338 744 387 ectiis
763 333 825 387 erit.

198 415 253 480 Ite,
273 416 355 472 deum
371 415 429 470 leti
446 415 562 470 Fortem
580 414 727 478 celebrate,
748 415 889 483 Quirites:
996 415 1044 473 775

233 499 270 554 In
287 498 396 554 Tiberis
414 497 476 569 ripe
493 515 610 552 munere
626 499 701 569 regis
719 498 814 554 hebet.

197 582 267 638 Pars
285 582 365 654 pede,
383 599 448 654 pers
467 580 551 634 etiem
568 580 653 635 celeri
671 580 810 636 decurrite
828 581 946 653 cymbe5

232 664 295 720 Nec
312 664 418 736 pudeat
435 668 516 735 potos
534 662 599 717 indo
617 663 710 718 redire
728 663 851 718 domum.

197 747 283 804 Ferte
302 753 438 802 coronate
453 747 588 818 juvenum
607 745 733 800 convivis
749 745 857 809 lintres,

233 830 384 901 Multaque
401 847 452 900 per
469 828 574 883 medius
592 828 658 882 vine
675 827 807 882 bibantur
824 847 920 898 equas.
998 829 1048 886 780

197 912 281 970 Plebs
301 912 366 968 colit
383 911 463 975 hunc,
484 911 558 982 quia,
578 911 628 981 qui
645 911 746 981 posuit,
766 910 802 965 de
819 911 901 982 plebe
921 911 1004 968 fuisse

233 996 345 1059 Fertur,
365 999 394 1049 et
412 1012 447 1048 ex
463 993 564 1048 humili
582 999 692 1064 sceptra
709 993 807 1048 tulisse
824 994 895 1049 loco.

197 1078 336 1134 Convenit
353 1083 383 1132 et
400 1076 495 1140 servis,
515 1095 595 1131 serve
613 1077 679 1148 quie
696 1075 804 1130 Tullius
823 1083 901 1132 ortus

232 1161 386 1218 Constituit
403 1159 494 1215 dubie
512 1160 619 1232 temple
635 1159 793 1230 propinque
810 1159 877 1215 deae.

197 1321 271 1378 Ecce
289 1320 450 1377 suburbana
466 1319 576 1376 rediens
594 1318 667 1374 mele
685 1319 794 1374 sobrius
812 1319 871 1375 oede
998 1320 1048 1378 785

84 1451 88 1458 .
233 1404 281 1460 Ad
298 1404 392 1460 stelles
410 1402 510 1474 uliquis
527 1402 596 1457 teliu
612 1401 698 1458 verba
713 1402 799 1474 jecit:

197 1488 276 1544 Zone
292 1488 363 1542 lutet
379 1492 430 1541 tus
446 1504 529 1549 nunc,
549 1490 579 1540 et
597 1503 656 1540 crus
675 1484 792 1540 fortusse
810 1484 925 1540 latebit:

232 1570 343 1626 Dehinc
362 1569 423 1633 erit,
443 1567 540 1632 Orion,
560 1567 738 1638 adspicienda
754 1567 833 1622 mihi.

196 1653 237 1708 At
254 1653 280 1707 si
297 1671 354 1707 non
372 1656 445 1706 esset
463 1656 554 1722 potus,
574 1649 690 1705 dixisset
708 1649 806 1706 eedem

231 1735 393 1792 Venturum
410 1740 520 1806 tempus
539 1732 685 1788 solstitiale
703 1732 757 1789 die.
999 1732 1055 1791 790
1117 1765 1118 1774 ¹

195 1902 326 1959 Lucifero
344 1903 481 1962 subeunte
499 1901 585 1957 Lares
604 1901 721 1957 delubra
737 1901 871 1965 tulerunt,

232 1985 290 2042 Hic
307 1986 357 2042 ubi
374 1986 407 2041 fit
425 1987 507 2041 docte
523 1984 613 2040 multe
631 2002 732 2039 corone
748 2001 842 2038 manu.

195 2067 317 2140 Tempus
335 2069 409 2126 idem
430 2068 525 2124 Stator
543 2067 609 2122 aedis
627 2067 720 2131 hebet,
740 2085 824 2138 quum
835 2065 974 2122 Romulus
986 2066 1056 2124 olim

231 2152 308 2207 Ante
325 2151 447 2206 Pelstini
465 2150 590 2206 condidit
609 2167 658 2205 ore
672 2148 746 2222 jugi·

196 2321 251 2378 Tot
267 2325 375 2378 restent
392 2319 427 2375 de
445 2339 540 2375 mense
559 2319 628 2382 dies,
647 2323 717 2389 quot
734 2318 848 2373 nomine
865 2317 971 2382 Perois,
1000 2317 1056 2376 795

231 2404 303 2460 Cum
321 2403 387 2460 dete
404 2408 470 2459 sunt
487 2402 591 2457 trebeae
609 2400 722 2472 templa,
743 2399 870 2467 Quirine,
888 2405 953 2455 tue.

195 2574 317 2645 Tempus
336 2572 424 2629 Iuleis
441 2591 501 2628 cres
520 2577 563 2628 est
581 2571 674 2627 nutele
693 2571 846 2627 Kalendis:

230 2655 363 2720 Pierides,
384 2655 480 2726 coeptis
498 2655 593 2710 eddite
611 2673 721 2710 summe
738 2655 816 2709 meis.

194 2738 297 2803 Dicite,
316 2738 449 2801 Pierides,
469 2738 531 2809 quis
549 2755 599 2792 vos
618 2735 778 2808 adjunxerit
796 2736 852 2800 isti,

231 2821 285 2876 Cui
302 2820 380 2876 dedit
398 2821 498 2875 invitus
516 2821 591 2874 victe
607 2837 728 2874 noverca
745 2837 853 2873 munus.
1000 2821 1065 2874 800

196 2904 243 2960 Sic
261 2921 330 2974 ego;
350 2903 389 2958 sic
408 2902 485 2957 Clio:
506 2901 582 2958 Cleri
599 2907 780 2956 monuments
798 2899 923 2971 Philippi
1106 2925 1116 2974 4

230 2985 369 3057 Adspicis,
388 2985 463 3040 unde
481 2985 569 3040 trehit
588 2983 699 3040 Marcie
717 2990 793 3040 ceste
810 3001 916 3056 genus;

195 3068 313 3130 Marcie,
332 3067 456 3122 sacrifico
475 3067 625 3122 deductum
643 3084 746 3122 nomeu
763 3067 799 3121 eb
817 3067 905 3129 Anco,

230 3148 267 3199 In
285 3165 340 3215 que
357 3167 409 3218 per
426 3148 510 3202 fecies
528 3148 674 3203 nobilitate
692 3165 750 3202 sus.

194 3224 251 3277 Per
267 3227 359 3280 animo
376 3245 487 3296 quoque
504 3228 594 3282 forms
611 3247 662 3283 suo
679 3229 831 3300 respondet
847 3231 878 3284 iu
895 3229 959 3286 illes
1003 3233 1066 3286 805

228 3301 270 3356 Et
286 3321 381 3371 genus,
401 3312 430 3360 et
447 3307 540 3371 facies,
559 3309 759 3380 ingeniumque
777 3311 868 3366 simul.
