2250 3704
151 84 187 140 sa
384 77 575 135 P.0V1D11
592 76 769 134 Nasonis
927 79 1007 151 [ns.

151 225 228 288 Post,
243 229 276 280 ut
288 224 379 282 Roma
389 229 488 296 potens
501 224 600 296 opibus
613 224 673 295 jam
685 223 785 278 saeeula
796 224 922 297 quinque
954 227 1006 282 255

187 307 276 372 Vidit,
295 314 325 363 et
342 308 464 363 edomito
483 307 596 362 sustulit
614 307 682 362 orbe
700 313 799 378 caput:

152 389 288 447 Carminis
306 389 427 446 Euboici
444 389 539 446 fatalia
556 389 643 444 verba
661 390 789 445 sacerdos

187 473 313 546 Inspicit.
349 472 514 544 'Inspectum
532 472 589 528 tude
607 471 693 528 fuisse
710 472 821 529 ferunt:

152 557 248 612 Mater
265 557 359 620 abest;
380 555 504 612 Matrem
520 556 616 628 jubeo,
635 555 770 620 Romane,
790 556 926 628 requiras.

187 638 259 696 Cum
277 640 379 703 veniet,
400 644 475 695 casta
493 643 537 694 est
556 635 716 709 accipienda
733 657 827 694 manu.
952 643 1009 697 260
1073 703 1091 720 “

151 722 284 779 Obscura
303 723 385 779 sortis
402 728 497 793 patres
516 720 678 792 ambagibus
697 727 807 776 errant:

187 805 291 876 Quave
308 821 408 878 parens
427 803 508 868 absit,
527 822 617 876 quove
634 804 757 875 petenda
772 804 842 860 loco.

151 888 314 945 Consulitur
332 888 432 952 Peeen;
452 887 614 959 Dirquue
632 888 763 942 arcessite
780 895 907 953 matrem,

187 971 300 1042 Inquit:
321 971 350 1026 in
369 970 446 1026 Idaeo
463 975 507 1026 est
525 969 691 1026 invenienda
705 971 784 1042 jugo.

152 1055 310 1112 Mittuntur
321 1071 458 1128 proceres.
489 1052 811 1126 Pluygiaetumsceptra
819 1053 935 1110 tenebat
952 1057 1008 1112 265

187 1138 319 1202 Attalus3
339 1137 472 1193 Ausoniis
489 1155 550 1192 rem
568 1142 652 1208 negat
670 1137 717 1192 ille
735 1137 811 1191 viris.

153 1221 230 1277 Mira
248 1239 359 1278 cousin:
379 1220 464 1291 longo
481 1219 598 1276 tremuit
616 1237 679 1274 cum
696 1238 839 1275 murmure
857 1221 958 1286 tellus;

188 1304 228 1362 Et
246 1305 285 1361 sic
304 1309 348 1359 est
365 1303 459 1376 adytis
478 1302 543 1358 diva
559 1302 654 1357 locuta
671 1302 745 1357 suisz

152 1387 220 1460 Ipsa
236 1387 295 1459 peti
312 1386 402 1442 volui:
422 1405 458 1442 ne
476 1385 513 1441 sit
530 1403 622 1440 mora:
643 1383 724 1440 mitte
742 1385 890 1441 volentem.

188 1469 298 1542 Dignus
316 1469 408 1524 Roma
425 1468 511 1532 locus,
525 1486 581 1540 quo
598 1467 667 1522 deus
685 1468 775 1522 omnis
793 1474 847 1523 eat.
955 1471 1012 1528 270

152 1551 206 1607 Ille
222 1552 283 1608 soni
300 1557 408 1607 terrore
425 1569 539 1623 parens,
557 1549 745 1614 Pr0ficisoere,
765 1551 851 1615 dixit;

188 1634 217 1692 N
219 1641 295 1690 ostra
313 1633 383 1699 eris;
403 1633 432 1689 in
450 1633 588 1706 Phrygios
606 1633 698 1688 Roma
714 1633 836 1689 refertur
853 1653 928 1691 avos.

153 1717 286 1775 Protinus
305 1718 456 1774 innumerae
475 1717 585 1772 eaedunt
602 1716 698 1788 pineta
715 1735 824 1772 secures

188 1800 250 1864 Illa,
270 1800 371 1872 quibus
389 1799 498 1871 fugiens
518 1798 615 1870 Phryx
632 1799 696 1871 pius
714 1817 782 1854 usus
801 1805 870 1856 erat.

154 1882 236 1938 Mille
254 1901 352 1938 manns
372 1887 481 1945 coeunt,
501 1887 530 1936 et
547 1881 622 1953 pieta
640 1881 778 1937 coloribus
795 1883 867 1938 ustis
954 1885 1011 1941 275
1122 1945 1123 1949 ,

189 1964 340 2022 Coelestum
357 1970 475 2022 matrem
493 1982 613 2020 concava
630 1965 732 2036 puppis
749 1964 842 2020 habet.

154 2048 209 2104 Illa
226 2048 270 2104 sui
287 2067 338 2120 per
355 2066 441 2120 aquas
459 2047 550 2104 fertur
568 2048 709 2102 tutissima
726 2048 794 2112 nati,

189 2129 341 2202 Longaque
360 2128 496 2202 Phryxeae
515 2135 615 2201 stagna
633 2131 735 2186 sororis
754 2130 828 2184 edit:

155 2210 360 2282 Rhoeteumque
378 2229 472 2282 rapax,
494 2210 630 2284 Sigeaque
648 2211 745 2266 littora
762 2211 879 2267 transit:

189 2292 230 2348 Et
248 2292 387 2358 Tenedon,
407 2297 515 2350 veteres
533 2293 661 2350 Eetionis
680 2312 754 2366 opes.
959 2299 1018 2354 280

155 2376 290 2450 Cyclades
309 2375 459 2448 excipiunt,
478 2375 571 2431 Lesbo
589 2385 653 2448 post
671 2382 752 2448 terga
768 2375 880 2435 relicta:

191 2458 310 2532 Quaque
329 2457 470 2531 Carysteis
490 2459 629 2532 frangitur
649 2459 726 2514 unde
743 2458 829 2514 vadis.

156 2541 268 2600 Transit
286 2546 315 2597 et
332 2541 463 2606 Icarium,
482 2541 573 2614 lapsas
590 2542 641 2597 ubi
658 2541 782 2613 perdidit
800 2541 857 2596 alas

191 2625 297 2688 Icarus,
317 2628 346 2680 et
363 2631 448 2680 vasta
466 2624 579 2680 nomina
596 2623 664 2680 fecit
682 2643 769 2696 aqua.

155 2707 227 2766 [iiim
244 2708 313 2764 laeva
330 2707 441 2772 Creten,
462 2707 560 2763 dextra
578 2706 742 2779 Pelopeidas
760 2707 849 2762 undas
960 2713 1018 2767 285

190 2789 319 2846 Deserit:
340 2795 369 2846 et
386 2790 492 2846 Veneri
510 2808 589 2845 sacra
607 2788 732 2860 Cythera
749 2790 829 2861 petit.

154 2871 231 2928 Hinc
249 2891 325 2928 mare
344 2872 526 2937 irinaerium
546 2872 667 2928 candens
685 2873 735 2927 ubi
753 2872 863 2944 tingere
881 2872 991 2931 ferrum

189 2953 374 3025 Brontesque,
394 2961 423 3010 et
442 2953 581 3026 Steropes,
600 2954 828 3025 Acmonidesque
847 2955 955 3012 solent:

153 3036 334 3108 AEquoraque
352 3037 424 3092 Afra
440 3037 519 3110 legit,
540 3036 700 3108 Sardoaque
719 3056 806 3109 regna
824 3038 945 3096 sinistris

188 3117 327 3186 Prospicit
345 3136 361 3171 a
378 3119 471 3181 remis,
490 3119 701 3190 Ausoniamque
719 3126 806 3174 tenet.
961 3125 1023 3180 290

153 3195 235 3249 Ostia
252 3197 416 3265 contigerat,
436 3217 491 3268 qna
509 3218 538 3254 se
558 3199 707 3256 Tiberinus
726 3202 756 3256 in
774 3202 863 3258 altum

185 3274 304 3338 Dividit,
324 3279 353 3329 et
372 3295 468 3348 campo
485 3279 615 3336 liberiore
634 3289 723 3338 natat.
