<?xml version="1.0" encoding="UTF-8"?>
<!DOCTYPE html PUBLIC "-//W3C//DTD XHTML 1.0 Transitional//EN"
    "http://www.w3.org/TR/xhtml1/DTD/xhtml1-transitional.dtd">
<html xmlns="http://www.w3.org/1999/xhtml" xml:lang="en" lang="en">
 <head>
  <title>
</title>
<meta http-equiv="Content-Type" content="text/html;charset=utf-8" />
  <meta name='ocr-system' content='tesseract 3.04.00' />
  <meta name='ocr-capabilities' content='ocr_page ocr_carea ocr_par ocr_line ocrx_word'/>
</head>
<body>
  <div class='ocr_page' id='page_1' title='image "./fasti00ovidgoog_0029.png"; bbox 0 0 2252 3706; ppageno 0'>
   <div class='ocr_carea' id='block_1_1' title="bbox 187 73 1035 148">
    <p class='ocr_par' dir='ltr' id='par_1_1' title="bbox 187 73 1035 148">
     <span class='ocr_line' id='line_1_1' title="bbox 187 73 1035 148; baseline 0.002 -16"><span class='ocrx_word' id='word_1_1' title='bbox 187 76 224 132; x_wconf 79' lang='grc'><strong>24</strong></span> <span class='ocrx_word' id='word_1_2' title='bbox 421 74 455 132; x_wconf 92' lang='lat' dir='ltr'><strong>P.</strong></span> <span class='ocrx_word' id='word_1_3' title='bbox 474 73 613 131; x_wconf 82' lang='lat' dir='ltr'><strong>0va</strong></span> <span class='ocrx_word' id='word_1_4' title='bbox 630 74 807 132; x_wconf 84' lang='lat' dir='ltr'><strong>NASONIS</strong></span> <span class='ocrx_word' id='word_1_5' title='bbox 964 75 1035 148; x_wconf 78' lang='lat' dir='ltr'><strong>[lna.</strong></span> 
     </span>
    </p>
   </div>
   <div class='ocr_carea' id='block_1_2' title="bbox 190 217 1039 876">
    <p class='ocr_par' dir='ltr' id='par_1_2' title="bbox 190 217 1039 876">
     <span class='ocr_line' id='line_1_2' title="bbox 190 217 808 282; baseline -0.003 -8"><span class='ocrx_word' id='word_1_6' title='bbox 190 217 305 274; x_wconf 86' lang='lat' dir='ltr'><strong>Scortca</strong></span> <span class='ocrx_word' id='word_1_7' title='bbox 321 235 379 272; x_wconf 90' lang='lat' dir='ltr'><strong>non</strong></span> <span class='ocrx_word' id='word_1_8' title='bbox 396 217 438 272; x_wconf 90' lang='lat' dir='ltr'><strong>illi</strong></span> <span class='ocrx_word' id='word_1_9' title='bbox 455 217 498 273; x_wconf 84' lang='lat' dir='ltr'><strong>fas</strong></span> <span class='ocrx_word' id='word_1_10' title='bbox 516 223 560 274; x_wconf 91' lang='lat' dir='ltr'><strong>est</strong></span> <span class='ocrx_word' id='word_1_11' title='bbox 577 217 680 272; x_wconf 82' lang='lat' dir='ltr'><strong>inferre</strong></span> <span class='ocrx_word' id='word_1_12' title='bbox 699 218 808 282; x_wconf 87' lang='lat' dir='ltr'><strong>sacello,</strong></span> 
     </span>
     <span class='ocr_line' id='line_1_3' title="bbox 223 302 1039 376; baseline 0.004 -18"><span class='ocrx_word' id='word_1_13' title='bbox 223 302 254 358; x_wconf 96' lang='lat' dir='ltr'><strong>N</strong></span> <span class='ocrx_word' id='word_1_14' title='bbox 255 323 271 360; x_wconf 90' lang='lat' dir='ltr'><strong>e</strong></span> <span class='ocrx_word' id='word_1_15' title='bbox 288 303 394 360; x_wconf 81' lang='lat' dir='ltr'>violent</span> <span class='ocrx_word' id='word_1_16' title='bbox 411 323 496 376; x_wconf 90' lang='lat' dir='ltr'><strong>puros</strong></span> <span class='ocrx_word' id='word_1_17' title='bbox 515 304 672 359; x_wconf 85' lang='lat' dir='ltr'><strong>exanimata</strong></span> <span class='ocrx_word' id='word_1_18' title='bbox 689 303 774 358; x_wconf 88' lang='lat' dir='ltr'><strong>focos.</strong></span> <span class='ocrx_word' id='word_1_19' title='bbox 992 308 1039 361; x_wconf 83' lang='lat'><strong>630</strong></span> 
     </span>
     <span class='ocr_line' id='line_1_4' title="bbox 191 389 903 461; baseline -0.004 -14"><span class='ocrx_word' id='word_1_20' title='bbox 191 390 301 461; x_wconf 87' lang='lat' dir='ltr'><strong>Siquis</strong></span> <span class='ocrx_word' id='word_1_21' title='bbox 320 409 396 446; x_wconf 84' lang='lat' dir='ltr'><strong>amas</strong></span> <span class='ocrx_word' id='word_1_22' title='bbox 413 391 484 445; x_wconf 91' lang='lat' dir='ltr'><strong>ritus</strong></span> <span class='ocrx_word' id='word_1_23' title='bbox 503 395 620 454; x_wconf 88' lang='lat' dir='ltr'><strong>veteres,</strong></span> <span class='ocrx_word' id='word_1_24' title='bbox 639 390 743 444; x_wconf 87' lang='lat' dir='ltr'><strong>adsiste</strong></span> <span class='ocrx_word' id='word_1_25' title='bbox 761 389 903 461; x_wconf 78' lang='lat' dir='ltr'><strong>precanti:</strong></span> 
     </span>
     <span class='ocr_line' id='line_1_5' title="bbox 223 476 832 548; baseline -0.003 -16"><span class='ocrx_word' id='word_1_26' title='bbox 223 476 349 532; x_wconf 80' lang='lat' dir='ltr'><strong>Nomina</strong></span> <span class='ocrx_word' id='word_1_27' title='bbox 364 477 500 548; x_wconf 80' lang='lat' dir='ltr'>percipies</span> <span class='ocrx_word' id='word_1_28' title='bbox 519 495 575 531; x_wconf 87' lang='lat' dir='ltr'><strong>non</strong></span> <span class='ocrx_word' id='word_1_29' title='bbox 592 476 645 532; x_wconf 87' lang='lat' dir='ltr'><strong>tibi</strong></span> <span class='ocrx_word' id='word_1_30' title='bbox 662 482 730 531; x_wconf 88' lang='lat' dir='ltr'><strong>nota</strong></span> <span class='ocrx_word' id='word_1_31' title='bbox 747 477 832 547; x_wconf 87' lang='lat' dir='ltr'><strong>prius.</strong></span> 
     </span>
     <span class='ocr_line' id='line_1_6' title="bbox 190 558 924 630; baseline 0 -16"><span class='ocrx_word' id='word_1_32' title='bbox 190 559 317 614; x_wconf 81' lang='lat' dir='ltr'>Porrima</span> <span class='ocrx_word' id='word_1_33' title='bbox 334 559 480 630; x_wconf 73' lang='lat' dir='ltr'><strong>placantur</strong></span> <span class='ocrx_word' id='word_1_34' title='bbox 497 558 710 630; x_wconf 83' lang='lat' dir='ltr'><strong>Postvertaque,</strong></span> <span class='ocrx_word' id='word_1_35' title='bbox 730 559 788 614; x_wconf 84' lang='lat' dir='ltr'><strong>sive</strong></span> <span class='ocrx_word' id='word_1_36' title='bbox 807 576 924 625; x_wconf 88' lang='lat' dir='ltr'><strong>sorores,</strong></span> 
     </span>
     <span class='ocr_line' id='line_1_7' title="bbox 226 640 901 712; baseline 0 -16"><span class='ocrx_word' id='word_1_37' title='bbox 226 641 290 696; x_wconf 89' lang='lat' dir='ltr'><strong>Sive</strong></span> <span class='ocrx_word' id='word_1_38' title='bbox 308 641 381 712; x_wconf 83' lang='lat' dir='ltr'><strong>fugae</strong></span> <span class='ocrx_word' id='word_1_39' title='bbox 400 641 522 706; x_wconf 88' lang='lat' dir='ltr'><strong>comites,</strong></span> <span class='ocrx_word' id='word_1_40' title='bbox 543 641 657 697; x_wconf 83' lang='lat' dir='ltr'><strong>Maeneli</strong></span> <span class='ocrx_word' id='word_1_41' title='bbox 673 640 817 712; x_wconf 87' lang='lat' dir='ltr'><strong>Nympha,</strong></span> <span class='ocrx_word' id='word_1_42' title='bbox 835 647 901 696; x_wconf 79' lang='lat' dir='ltr'><strong>tuae.</strong></span> 
     </span>
     <span class='ocr_line' id='line_1_8' title="bbox 190 723 1037 795; baseline -0.005 -12"><span class='ocrx_word' id='word_1_43' title='bbox 190 724 296 788; x_wconf 84' lang='lat' dir='ltr'><strong>Altera,</strong></span> <span class='ocrx_word' id='word_1_44' title='bbox 315 723 392 794; x_wconf 89' lang='lat' dir='ltr'><strong>quod</strong></span> <span class='ocrx_word' id='word_1_45' title='bbox 408 741 492 795; x_wconf 88' lang='lat' dir='ltr'><strong>porro</strong></span> <span class='ocrx_word' id='word_1_46' title='bbox 510 723 611 787; x_wconf 88' lang='lat' dir='ltr'><strong>fuerat,</strong></span> <span class='ocrx_word' id='word_1_47' title='bbox 631 723 763 779; x_wconf 79' lang='lat' dir='ltr'><strong>cecinisse</strong></span> <span class='ocrx_word' id='word_1_48' title='bbox 781 728 906 794; x_wconf 89' lang='lat' dir='ltr'><strong>putatur,</strong></span> <span class='ocrx_word' id='word_1_49' title='bbox 992 727 1037 779; x_wconf 80' lang='lat'><strong>635</strong></span> 
     </span>
     <span class='ocr_line' id='line_1_9' title="bbox 226 804 891 876; baseline -0.006 -12"><span class='ocrx_word' id='word_1_50' title='bbox 226 805 325 864; x_wconf 79' lang='lat' dir='ltr'><strong>Altera</strong></span> <span class='ocrx_word' id='word_1_51' title='bbox 341 822 487 860; x_wconf 81' lang='lat' dir='ltr'><strong>versurum</strong></span> <span class='ocrx_word' id='word_1_52' title='bbox 504 804 651 876; x_wconf 85' lang='lat' dir='ltr'><strong>postmodo</strong></span> <span class='ocrx_word' id='word_1_53' title='bbox 669 805 805 876; x_wconf 89' lang='lat' dir='ltr'><strong>quicquid</strong></span> <span class='ocrx_word' id='word_1_54' title='bbox 822 811 891 860; x_wconf 88' lang='lat' dir='ltr'><strong>erat.</strong></span> 
     </span>
    </p>
   </div>
   <div class='ocr_carea' id='block_1_3' title="bbox 193 949 1091 1618">
    <p class='ocr_par' dir='ltr' id='par_1_3' title="bbox 193 949 1091 1618">
     <span class='ocr_line' id='line_1_10' title="bbox 193 949 915 1022; baseline 0 -18"><span class='ocrx_word' id='word_1_55' title='bbox 193 949 318 1008; x_wconf 80' lang='lat' dir='ltr'><strong>Candida</strong></span> <span class='ocrx_word' id='word_1_56' title='bbox 334 953 363 1004; x_wconf 90' lang='lat' dir='ltr'><strong>ta</strong></span> <span class='ocrx_word' id='word_1_57' title='bbox 381 949 463 1005; x_wconf 84' lang='lat' dir='ltr'><strong>niveo</strong></span> <span class='ocrx_word' id='word_1_58' title='bbox 479 949 574 1021; x_wconf 84' lang='lat' dir='ltr'><strong>posuit</strong></span> <span class='ocrx_word' id='word_1_59' title='bbox 591 949 640 1004; x_wconf 85' lang='grc'>11111</span> <span class='ocrx_word' id='word_1_60' title='bbox 657 949 784 1020; x_wconf 83' lang='lat' dir='ltr'><strong>proxima</strong></span> <span class='ocrx_word' id='word_1_61' title='bbox 800 949 915 1022; x_wconf 87' lang='lat' dir='ltr'><strong>templo,</strong></span> 
     </span>
     <span class='ocr_line' id='line_1_11' title="bbox 228 1031 1088 1110; baseline -0.003 -22"><span class='ocrx_word' id='word_1_62' title='bbox 228 1031 293 1100; x_wconf 79' lang='lat' dir='ltr'><strong>Qua</strong></span> <span class='ocrx_word' id='word_1_63' title='bbox 310 1031 366 1087; x_wconf 83' lang='lat' dir='ltr'><strong>fert</strong></span> <span class='ocrx_word' id='word_1_64' title='bbox 383 1031 515 1088; x_wconf 91' lang='lat' dir='ltr'><strong>sublimes</strong></span> <span class='ocrx_word' id='word_1_65' title='bbox 534 1032 591 1087; x_wconf 85' lang='lat' dir='ltr'><strong>alta</strong></span> <span class='ocrx_word' id='word_1_66' title='bbox 610 1031 729 1086; x_wconf 91' lang='lat' dir='ltr'><strong>Moneta</strong></span> <span class='ocrx_word' id='word_1_67' title='bbox 747 1032 864 1103; x_wconf 81' lang='lat' dir='ltr'><strong>gradus:</strong></span> <span class='ocrx_word' id='word_1_68' title='bbox 1086 1061 1088 1110; x_wconf 47' lang='lat' dir='ltr'><strong>p</strong></span> 
     </span>
     <span class='ocr_line' id='line_1_12' title="bbox 193 1113 1090 1202; baseline 0.002 -33"><span class='ocrx_word' id='word_1_69' title='bbox 193 1113 278 1170; x_wconf 90' lang='lat' dir='ltr'><strong>Nune</strong></span> <span class='ocrx_word' id='word_1_70' title='bbox 295 1113 366 1169; x_wconf 91' lang='lat' dir='ltr'><strong>bene</strong></span> <span class='ocrx_word' id='word_1_71' title='bbox 384 1115 536 1186; x_wconf 89' lang='lat' dir='ltr'><strong>prospicies</strong></span> <span class='ocrx_word' id='word_1_72' title='bbox 555 1113 673 1178; x_wconf 78' lang='lat' dir='ltr'><strong>Latiam,</strong></span> <span class='ocrx_word' id='word_1_73' title='bbox 694 1113 858 1179; x_wconf 80' lang='lat' dir='ltr'><strong>Concordia,</strong></span> <span class='ocrx_word' id='word_1_74' title='bbox 876 1113 1010 1180; x_wconf 69' lang='lat' dir='ltr'><strong>turbam</strong></span> <span class='ocrx_word' id='word_1_75' title='bbox 1088 1118 1090 1202; x_wconf 42' lang='lat' dir='ltr'><strong>l</strong></span> 
     </span>
     <span class='ocr_line' id='line_1_13' title="bbox 228 1199 1091 1258; baseline 0.002 -2"><span class='ocrx_word' id='word_1_76' title='bbox 228 1199 315 1256; x_wconf 92' lang='lat' dir='ltr'><strong>Nunc</strong></span> <span class='ocrx_word' id='word_1_77' title='bbox 332 1207 361 1256; x_wconf 89' lang='lat' dir='ltr'><strong>te</strong></span> <span class='ocrx_word' id='word_1_78' title='bbox 379 1208 492 1258; x_wconf 71' lang='lat' dir='ltr'><strong>sacrate</strong></span> <span class='ocrx_word' id='word_1_79' title='bbox 510 1201 658 1257; x_wconf 89' lang='lat' dir='ltr'><strong>restituere</strong></span> <span class='ocrx_word' id='word_1_80' title='bbox 676 1220 784 1256; x_wconf 89' lang='lat' dir='ltr'><strong>manus.</strong></span> <span class='ocrx_word' id='word_1_81' title='bbox 996 1205 1046 1258; x_wconf 79' lang='grc'><strong>640</strong></span> <span class='ocrx_word' id='word_1_82' title='bbox 1090 1228 1091 1258; x_wconf 77' lang='lat' dir='ltr'><strong>l</strong></span> 
     </span>
     <span class='ocr_line' id='line_1_14' title="bbox 194 1285 868 1360; baseline 0.003 -18"><span class='ocrx_word' id='word_1_83' title='bbox 194 1285 297 1343; x_wconf 83' lang='lat' dir='ltr'><strong>Furius</strong></span> <span class='ocrx_word' id='word_1_84' title='bbox 315 1288 459 1359; x_wconf 85' lang='lat' dir='ltr'><strong>antiquam</strong></span> <span class='ocrx_word' id='word_1_85' title='bbox 476 1288 573 1360; x_wconf 87' lang='lat' dir='ltr'><strong>populi</strong></span> <span class='ocrx_word' id='word_1_86' title='bbox 591 1293 737 1360; x_wconf 88' lang='lat' dir='ltr'><strong>superator</strong></span> <span class='ocrx_word' id='word_1_87' title='bbox 754 1287 868 1344; x_wconf 77' lang='lat' dir='ltr'><strong>Etrusci</strong></span> 
     </span>
     <span class='ocr_line' id='line_1_15' title="bbox 229 1370 820 1437; baseline 0 -9"><span class='ocrx_word' id='word_1_88' title='bbox 229 1370 363 1437; x_wconf 85' lang='lat' dir='ltr'><strong>Voverat‚</strong></span> <span class='ocrx_word' id='word_1_89' title='bbox 383 1380 412 1430; x_wconf 87' lang='lat' dir='ltr'><strong>et</strong></span> <span class='ocrx_word' id='word_1_90' title='bbox 429 1375 489 1430; x_wconf 84' lang='lat' dir='ltr'><strong>voti</strong></span> <span class='ocrx_word' id='word_1_91' title='bbox 506 1373 626 1429; x_wconf 86' lang='lat' dir='ltr'><strong>solverat</strong></span> <span class='ocrx_word' id='word_1_92' title='bbox 644 1380 709 1430; x_wconf 84' lang='lat' dir='ltr'><strong>ante</strong></span> <span class='ocrx_word' id='word_1_93' title='bbox 727 1373 820 1429; x_wconf 87' lang='lat' dir='ltr'><strong>fidem.</strong></span> 
     </span>
     <span class='ocr_line' id='line_1_16' title="bbox 196 1458 956 1531; baseline 0.003 -18"><span class='ocrx_word' id='word_1_94' title='bbox 196 1458 294 1524; x_wconf 80' lang='lat' dir='ltr'><strong>Causa,</strong></span> <span class='ocrx_word' id='word_1_95' title='bbox 313 1460 389 1530; x_wconf 91' lang='lat' dir='ltr'><strong>quod</strong></span> <span class='ocrx_word' id='word_1_96' title='bbox 406 1478 424 1514; x_wconf 84' lang='lat' dir='ltr'><strong>a</strong></span> <span class='ocrx_word' id='word_1_97' title='bbox 440 1459 566 1531; x_wconf 89' lang='lat' dir='ltr'><strong>patribus</strong></span> <span class='ocrx_word' id='word_1_98' title='bbox 585 1460 683 1515; x_wconf 87' lang='lat' dir='ltr'><strong>sumtis</strong></span> <span class='ocrx_word' id='word_1_99' title='bbox 702 1464 852 1515; x_wconf 85' lang='lat' dir='ltr'><strong>secesserat</strong></span> <span class='ocrx_word' id='word_1_100' title='bbox 869 1460 956 1516; x_wconf 88' lang='lat' dir='ltr'><strong>armis</strong></span> 
     </span>
     <span class='ocr_line' id='line_1_17' title="bbox 230 1544 891 1618; baseline 0.002 -19"><span class='ocrx_word' id='word_1_101' title='bbox 230 1544 350 1617; x_wconf 82' lang='lat' dir='ltr'><strong>Vulgus,</strong></span> <span class='ocrx_word' id='word_1_102' title='bbox 369 1550 398 1601; x_wconf 91' lang='lat' dir='ltr'><strong>et</strong></span> <span class='ocrx_word' id='word_1_103' title='bbox 415 1545 476 1617; x_wconf 88' lang='lat' dir='ltr'><strong>ipsa</strong></span> <span class='ocrx_word' id='word_1_104' title='bbox 493 1564 556 1601; x_wconf 86' lang='lat' dir='ltr'><strong>suas</strong></span> <span class='ocrx_word' id='word_1_105' title='bbox 574 1545 666 1601; x_wconf 83' lang='lat' dir='ltr'><strong>Roma</strong></span> <span class='ocrx_word' id='word_1_106' title='bbox 682 1546 800 1602; x_wconf 86' lang='lat' dir='ltr'><strong>timebat</strong></span> <span class='ocrx_word' id='word_1_107' title='bbox 816 1565 891 1618; x_wconf 86' lang='lat' dir='ltr'><strong>opes.</strong></span> 
     </span>
    </p>
   </div>
   <div class='ocr_carea' id='block_1_4' title="bbox 196 1631 1059 2116">
    <p class='ocr_par' dir='ltr' id='par_1_4' title="bbox 196 1631 1051 1786">
     <span class='ocr_line' id='line_1_18' title="bbox 196 1631 1051 1703; baseline 0.001 -14"><span class='ocrx_word' id='word_1_108' title='bbox 196 1631 288 1689; x_wconf 79' lang='lat' dir='ltr'><strong>Causa</strong></span> <span class='ocrx_word' id='word_1_109' title='bbox 303 1650 400 1688; x_wconf 86' lang='lat' dir='ltr'><strong>recens</strong></span> <span class='ocrx_word' id='word_1_110' title='bbox 417 1631 531 1688; x_wconf 90' lang='lat' dir='ltr'><strong>melior:</strong></span> <span class='ocrx_word' id='word_1_111' title='bbox 551 1649 647 1703; x_wconf 88' lang='lat' dir='ltr'><strong>passos</strong></span> <span class='ocrx_word' id='word_1_112' title='bbox 666 1631 816 1687; x_wconf 81' lang='lat' dir='ltr'><strong>Germania</strong></span> <span class='ocrx_word' id='word_1_113' title='bbox 834 1633 923 1688; x_wconf 88' lang='lat' dir='ltr'><strong>crines</strong></span> <span class='ocrx_word' id='word_1_114' title='bbox 1000 1637 1051 1690; x_wconf 68' lang='lat'><strong>645</strong></span> 
     </span>
     <span class='ocr_line' id='line_1_19' title="bbox 231 1711 852 1786; baseline 0.005 -17"><span class='ocrx_word' id='word_1_115' title='bbox 231 1711 355 1786; x_wconf 86' lang='lat' dir='ltr'><strong>Porrigit</strong></span> <span class='ocrx_word' id='word_1_116' title='bbox 373 1714 509 1786; x_wconf 86' lang='lat' dir='ltr'><strong>auspiciis,</strong></span> <span class='ocrx_word' id='word_1_117' title='bbox 529 1715 586 1769; x_wconf 82' lang='lat' dir='ltr'><strong>dux</strong></span> <span class='ocrx_word' id='word_1_118' title='bbox 603 1714 768 1778; x_wconf 82' lang='lat' dir='ltr'><strong>venerande,</strong></span> <span class='ocrx_word' id='word_1_119' title='bbox 786 1715 852 1772; x_wconf 85' lang='lat' dir='ltr'><strong>tuis.</strong></span> 
     </span>
    </p>

    <p class='ocr_par' dir='ltr' id='par_1_5' title="bbox 196 1796 874 1950">
     <span class='ocr_line' id='line_1_20' title="bbox 196 1796 826 1868; baseline -0.002 -15"><span class='ocrx_word' id='word_1_120' title='bbox 196 1796 269 1853; x_wconf 92' lang='lat' dir='ltr'><strong>Inde</strong></span> <span class='ocrx_word' id='word_1_121' title='bbox 286 1797 463 1868; x_wconf 74' lang='lat' dir='ltr'><strong>triumphata</strong></span> <span class='ocrx_word' id='word_1_122' title='bbox 480 1796 575 1852; x_wconf 86' lang='lat' dir='ltr'><strong>libasti</strong></span> <span class='ocrx_word' id='word_1_123' title='bbox 591 1815 708 1852; x_wconf 86' lang='lat' dir='ltr'><strong>munera</strong></span> <span class='ocrx_word' id='word_1_124' title='bbox 725 1798 826 1868; x_wconf 89' lang='lat' dir='ltr'><strong>gentis,</strong></span> 
     </span>
     <span class='ocr_line' id='line_1_21' title="bbox 231 1877 874 1950; baseline -0.002 -16"><span class='ocrx_word' id='word_1_125' title='bbox 231 1878 401 1950; x_wconf 80' lang='lat' dir='ltr'><strong>Templaque</strong></span> <span class='ocrx_word' id='word_1_126' title='bbox 418 1877 516 1943; x_wconf 85' lang='lat' dir='ltr'><strong>fecisti,</strong></span> <span class='ocrx_word' id='word_1_127' title='bbox 535 1897 620 1950; x_wconf 88' lang='lat' dir='ltr'><strong>quam</strong></span> <span class='ocrx_word' id='word_1_128' title='bbox 637 1879 703 1934; x_wconf 88' lang='lat' dir='ltr'><strong>colis</strong></span> <span class='ocrx_word' id='word_1_129' title='bbox 720 1880 788 1950; x_wconf 89' lang='lat' dir='ltr'><strong>ipse,</strong></span> <span class='ocrx_word' id='word_1_130' title='bbox 808 1879 874 1935; x_wconf 80' lang='lat' dir='ltr'><strong>dea.</strong></span> 
     </span>
    </p>

    <p class='ocr_par' dir='ltr' id='par_1_6' title="bbox 197 1959 1059 2116">
     <span class='ocr_line' id='line_1_22' title="bbox 197 1959 916 2026; baseline -0.003 -8"><span class='ocrx_word' id='word_1_131' title='bbox 197 1960 268 2018; x_wconf 79' lang='lat' dir='ltr'><strong>Hac</strong></span> <span class='ocrx_word' id='word_1_132' title='bbox 284 1966 335 2016; x_wconf 87' lang='lat' dir='ltr'><strong>tna</strong></span> <span class='ocrx_word' id='word_1_133' title='bbox 353 1960 497 2017; x_wconf 86' lang='lat' dir='ltr'><strong>constituit</strong></span> <span class='ocrx_word' id='word_1_134' title='bbox 515 1959 646 2016; x_wconf 83' lang='lat' dir='ltr'><strong>Genitrix</strong></span> <span class='ocrx_word' id='word_1_135' title='bbox 663 1967 693 2017; x_wconf 89' lang='lat' dir='ltr'><strong>et</strong></span> <span class='ocrx_word' id='word_1_136' title='bbox 710 1962 793 2017; x_wconf 89' lang='lat' dir='ltr'><strong>rebus</strong></span> <span class='ocrx_word' id='word_1_137' title='bbox 813 1967 842 2018; x_wconf 89' lang='lat' dir='ltr'><strong>et</strong></span> <span class='ocrx_word' id='word_1_138' title='bbox 860 1980 916 2026; x_wconf 87' lang='lat' dir='ltr'><strong>ara,</strong></span> 
     </span>
     <span class='ocr_line' id='line_1_23' title="bbox 233 2043 1059 2116; baseline 0.004 -17"><span class='ocrx_word' id='word_1_139' title='bbox 233 2043 299 2100; x_wconf 89' lang='lat' dir='ltr'><strong>Sola</strong></span> <span class='ocrx_word' id='word_1_140' title='bbox 314 2048 377 2098; x_wconf 87' lang='lat' dir='ltr'><strong>toro</strong></span> <span class='ocrx_word' id='word_1_141' title='bbox 395 2043 490 2115; x_wconf 85' lang='lat' dir='ltr'><strong>magni</strong></span> <span class='ocrx_word' id='word_1_142' title='bbox 508 2043 594 2115; x_wconf 85' lang='lat' dir='ltr'><strong>digna</strong></span> <span class='ocrx_word' id='word_1_143' title='bbox 610 2050 722 2116; x_wconf 82' lang='lat' dir='ltr'><strong>reperte</strong></span> <span class='ocrx_word' id='word_1_144' title='bbox 739 2043 828 2100; x_wconf 88' lang='lat' dir='ltr'><strong>Jovis.</strong></span> <span class='ocrx_word' id='word_1_145' title='bbox 1002 2049 1059 2102; x_wconf 83' lang='lat'><strong>650</strong></span> 
     </span>
    </p>
   </div>
   <div class='ocr_carea' id='block_1_5' title="bbox 196 2185 993 2342">
    <p class='ocr_par' dir='ltr' id='par_1_7' title="bbox 196 2185 993 2342">
     <span class='ocr_line' id='line_1_24' title="bbox 196 2185 993 2258; baseline 0 -15"><span class='ocrx_word' id='word_1_146' title='bbox 196 2186 267 2243; x_wconf 81' lang='lat' dir='ltr'><strong>Haec</strong></span> <span class='ocrx_word' id='word_1_147' title='bbox 283 2187 334 2242; x_wconf 87' lang='lat' dir='ltr'><strong>ubi</strong></span> <span class='ocrx_word' id='word_1_148' title='bbox 349 2187 527 2251; x_wconf 82' lang='lat' dir='ltr'><strong>transierint;</strong></span> <span class='ocrx_word' id='word_1_149' title='bbox 547 2185 725 2258; x_wconf 77' lang='lat' dir='ltr'><strong>Capricorno,</strong></span> <span class='ocrx_word' id='word_1_150' title='bbox 745 2186 859 2251; x_wconf 88' lang='lat' dir='ltr'><strong>Phoebe,</strong></span> <span class='ocrx_word' id='word_1_151' title='bbox 878 2186 993 2253; x_wconf 90' lang='lat' dir='ltr'><strong>relicto,</strong></span> 
     </span>
     <span class='ocr_line' id='line_1_25' title="bbox 232 2269 891 2342; baseline -0.002 -17"><span class='ocrx_word' id='word_1_152' title='bbox 232 2270 288 2325; x_wconf 86' lang='lat' dir='ltr'><strong>Per</strong></span> <span class='ocrx_word' id='word_1_153' title='bbox 303 2270 414 2339; x_wconf 84' lang='lat' dir='ltr'><strong>juvenis</strong></span> <span class='ocrx_word' id='word_1_154' title='bbox 433 2288 526 2325; x_wconf 89' lang='lat' dir='ltr'><strong>curres</strong></span> <span class='ocrx_word' id='word_1_155' title='bbox 544 2269 625 2341; x_wconf 85' lang='lat' dir='ltr'><strong>signa</strong></span> <span class='ocrx_word' id='word_1_156' title='bbox 642 2269 764 2342; x_wconf 87' lang='lat' dir='ltr'><strong>gerentis</strong></span> <span class='ocrx_word' id='word_1_157' title='bbox 782 2287 891 2340; x_wconf 86' lang='lat' dir='ltr'><strong>aquam.</strong></span> 
     </span>
    </p>
   </div>
   <div class='ocr_carea' id='block_1_6' title="bbox 197 2411 940 2568">
    <p class='ocr_par' dir='ltr' id='par_1_8' title="bbox 197 2411 940 2568">
     <span class='ocr_line' id='line_1_26' title="bbox 197 2411 940 2486; baseline -0.001 -17"><span class='ocrx_word' id='word_1_158' title='bbox 197 2412 337 2486; x_wconf 82' lang='lat' dir='ltr'><strong>Septimus</strong></span> <span class='ocrx_word' id='word_1_159' title='bbox 355 2412 420 2468; x_wconf 90' lang='lat' dir='ltr'><strong>hine</strong></span> <span class='ocrx_word' id='word_1_160' title='bbox 438 2411 540 2468; x_wconf 87' lang='lat' dir='ltr'><strong>Oriens</strong></span> <span class='ocrx_word' id='word_1_161' title='bbox 559 2431 622 2468; x_wconf 90' lang='lat' dir='ltr'><strong>cum</strong></span> <span class='ocrx_word' id='word_1_162' title='bbox 641 2431 670 2467; x_wconf 93' lang='lat' dir='ltr'><strong>se</strong></span> <span class='ocrx_word' id='word_1_163' title='bbox 689 2412 832 2468; x_wconf 84' lang='lat' dir='ltr'><strong>demiserit</strong></span> <span class='ocrx_word' id='word_1_164' title='bbox 849 2411 940 2477; x_wconf 92' lang='lat' dir='ltr'><strong>undis,</strong></span> 
     </span>
     <span class='ocr_line' id='line_1_27' title="bbox 231 2494 872 2568; baseline -0.002 -16"><span class='ocrx_word' id='word_1_165' title='bbox 231 2495 365 2567; x_wconf 79' lang='lat' dir='ltr'><strong>Fulgebit</strong></span> <span class='ocrx_word' id='word_1_166' title='bbox 381 2501 442 2550; x_wconf 80' lang='lat' dir='ltr'><strong>toto</strong></span> <span class='ocrx_word' id='word_1_167' title='bbox 457 2496 516 2568; x_wconf 88' lang='lat' dir='ltr'><strong>jam</strong></span> <span class='ocrx_word' id='word_1_168' title='bbox 534 2494 611 2568; x_wconf 85' lang='lat' dir='ltr'><strong>Lyra</strong></span> <span class='ocrx_word' id='word_1_169' title='bbox 628 2495 705 2550; x_wconf 89' lang='lat' dir='ltr'><strong>nulla</strong></span> <span class='ocrx_word' id='word_1_170' title='bbox 722 2495 795 2567; x_wconf 87' lang='lat' dir='ltr'><strong>polo.</strong></span> <span class='ocrx_word' id='word_1_171' title='bbox 868 2505 872 2513; x_wconf 90' lang='lat'>&#39;</span> 
     </span>
    </p>
   </div>
   <div class='ocr_carea' id='block_1_7' title="bbox 197 2637 1065 2792">
    <p class='ocr_par' dir='ltr' id='par_1_9' title="bbox 197 2637 1065 2792">
     <span class='ocr_line' id='line_1_28' title="bbox 197 2637 1065 2710; baseline 0 -15"><span class='ocrx_word' id='word_1_172' title='bbox 197 2637 293 2695; x_wconf 87' lang='lat' dir='ltr'><strong>Sidere</strong></span> <span class='ocrx_word' id='word_1_173' title='bbox 311 2640 347 2695; x_wconf 89' lang='lat' dir='ltr'><strong>ab</strong></span> <span class='ocrx_word' id='word_1_174' title='bbox 364 2639 425 2703; x_wconf 93' lang='lat' dir='ltr'><strong>hoc,</strong></span> <span class='ocrx_word' id='word_1_175' title='bbox 444 2637 517 2710; x_wconf 88' lang='lat' dir='ltr'><strong>ignis</strong></span> <span class='ocrx_word' id='word_1_176' title='bbox 534 2638 659 2694; x_wconf 81' lang='lat' dir='ltr'><strong>venienti</strong></span> <span class='ocrx_word' id='word_1_177' title='bbox 676 2643 767 2702; x_wconf 87' lang='lat' dir='ltr'><strong>nocte,</strong></span> <span class='ocrx_word' id='word_1_178' title='bbox 786 2637 888 2694; x_wconf 85' lang='lat' dir='ltr'><strong>Leonis</strong></span> <span class='ocrx_word' id='word_1_179' title='bbox 1004 2643 1065 2697; x_wconf 82' lang='grc'><strong>665</strong></span> 
     </span>
     <span class='ocr_line' id='line_1_29' title="bbox 232 2719 892 2792; baseline 0 -17"><span class='ocrx_word' id='word_1_180' title='bbox 232 2719 289 2789; x_wconf 79' lang='lat' dir='ltr'><strong>Qui</strong></span> <span class='ocrx_word' id='word_1_181' title='bbox 306 2720 390 2777; x_wconf 87' lang='lat' dir='ltr'><strong>micat</strong></span> <span class='ocrx_word' id='word_1_182' title='bbox 407 2723 437 2776; x_wconf 93' lang='lat' dir='ltr'><strong>in</strong></span> <span class='ocrx_word' id='word_1_183' title='bbox 454 2720 547 2777; x_wconf 85' lang='lat' dir='ltr'><strong>medio</strong></span> <span class='ocrx_word' id='word_1_184' title='bbox 564 2727 685 2792; x_wconf 87' lang='lat' dir='ltr'><strong>pectore,</strong></span> <span class='ocrx_word' id='word_1_185' title='bbox 703 2739 811 2777; x_wconf 88' lang='lat' dir='ltr'><strong>mersus</strong></span> <span class='ocrx_word' id='word_1_186' title='bbox 830 2722 892 2776; x_wconf 89' lang='lat' dir='ltr'><strong>erit.</strong></span> 
     </span>
    </p>
   </div>
   <div class='ocr_carea' id='block_1_8' title="bbox 194 2848 1072 3176">
    <p class='ocr_par' dir='ltr' id='par_1_10' title="bbox 195 2848 894 3011">
     <span class='ocr_line' id='line_1_30' title="bbox 195 2848 894 2925; baseline 0.001 -18"><span class='ocrx_word' id='word_1_187' title='bbox 195 2848 251 2907; x_wconf 80' lang='lat' dir='ltr'><strong>Ter</strong></span> <span class='ocrx_word' id='word_1_188' title='bbox 268 2855 368 2920; x_wconf 89' lang='lat' dir='ltr'><strong>quater</strong></span> <span class='ocrx_word' id='word_1_189' title='bbox 386 2852 477 2908; x_wconf 85' lang='lat' dir='ltr'><strong>evolvi</strong></span> <span class='ocrx_word' id='word_1_190' title='bbox 493 2853 635 2924; x_wconf 83' lang='lat' dir='ltr'><strong>signantes</strong></span> <span class='ocrx_word' id='word_1_191' title='bbox 653 2857 781 2925; x_wconf 88' lang='lat' dir='ltr'><strong>tempora</strong></span> <span class='ocrx_word' id='word_1_192' title='bbox 798 2853 894 2917; x_wconf 87' lang='lat' dir='ltr'><strong>fastos,</strong></span> 
     </span>
     <span class='ocr_line' id='line_1_31' title="bbox 229 2934 829 3011; baseline 0.007 -21"><span class='ocrx_word' id='word_1_193' title='bbox 229 2934 293 2991; x_wconf 89' lang='lat' dir='ltr'><strong>Nec</strong></span> <span class='ocrx_word' id='word_1_194' title='bbox 312 2934 471 2993; x_wconf 85' lang='lat' dir='ltr'><strong>Sementiva</strong></span> <span class='ocrx_word' id='word_1_195' title='bbox 488 2945 532 2994; x_wconf 91' lang='lat' dir='ltr'><strong>est</strong></span> <span class='ocrx_word' id='word_1_196' title='bbox 549 2938 607 2994; x_wconf 87' lang='lat' dir='ltr'><strong>ulla</strong></span> <span class='ocrx_word' id='word_1_197' title='bbox 623 2945 737 3011; x_wconf 86' lang='lat' dir='ltr'><strong>reperta</strong></span> <span class='ocrx_word' id='word_1_198' title='bbox 754 2939 829 2994; x_wconf 88' lang='lat' dir='ltr'><strong>dies:</strong></span> 
     </span>
    </p>

    <p class='ocr_par' dir='ltr' id='par_1_11' title="bbox 194 3017 1072 3176">
     <span class='ocr_line' id='line_1_32' title="bbox 194 3017 1001 3092; baseline 0.004 -19"><span class='ocrx_word' id='word_1_199' title='bbox 194 3017 266 3074; x_wconf 82' lang='lat' dir='ltr'><strong>Cum</strong></span> <span class='ocrx_word' id='word_1_200' title='bbox 283 3018 360 3084; x_wconf 84' lang='lat' dir='ltr'><strong>mibi,</strong></span> <span class='ocrx_word' id='word_1_201' title='bbox 380 3020 467 3075; x_wconf 88' lang='lat' dir='ltr'><strong>sensit</strong></span> <span class='ocrx_word' id='word_1_202' title='bbox 484 3021 566 3085; x_wconf 90' lang='lat' dir='ltr'><strong>enim,</strong></span> <span class='ocrx_word' id='word_1_203' title='bbox 584 3019 648 3076; x_wconf 84' lang='lat' dir='ltr'><strong>Lux</strong></span> <span class='ocrx_word' id='word_1_204' title='bbox 665 3021 724 3076; x_wconf 80' lang='lat' dir='ltr'><strong>haec</strong></span> <span class='ocrx_word' id='word_1_205' title='bbox 742 3021 882 3085; x_wconf 88' lang='lat' dir='ltr'><strong>indicitur,</strong></span> <span class='ocrx_word' id='word_1_206' title='bbox 901 3020 1001 3092; x_wconf 86' lang='lat' dir='ltr'><strong>inquit</strong></span> 
     </span>
     <span class='ocr_line' id='line_1_33' title="bbox 229 3099 1072 3176; baseline 0.011 -23"><span class='ocrx_word' id='word_1_207' title='bbox 229 3099 332 3164; x_wconf 87' lang='lat' dir='ltr'><strong>Musa;</strong></span> <span class='ocrx_word' id='word_1_208' title='bbox 351 3101 454 3171; x_wconf 88' lang='lat' dir='ltr'><strong>quida</strong></span> <span class='ocrx_word' id='word_1_209' title='bbox 471 3101 549 3156; x_wconf 86' lang='lat' dir='ltr'><strong>fastis</strong></span> <span class='ocrx_word' id='word_1_210' title='bbox 567 3120 625 3156; x_wconf 92' lang='lat' dir='ltr'><strong>non</strong></span> <span class='ocrx_word' id='word_1_211' title='bbox 643 3109 715 3158; x_wconf 86' lang='lat' dir='ltr'><strong>stata</strong></span> <span class='ocrx_word' id='word_1_212' title='bbox 733 3122 811 3159; x_wconf 88' lang='lat' dir='ltr'><strong>saera</strong></span> <span class='ocrx_word' id='word_1_213' title='bbox 828 3103 922 3176; x_wconf 70' lang='lat' dir='ltr'><strong>petis?</strong></span> <span class='ocrx_word' id='word_1_214' title='bbox 1002 3108 1072 3162; x_wconf 87' lang='grc'>660</span> 
     </span>
    </p>
   </div>
   <div class='ocr_carea' id='block_1_9' title="bbox 194 3179 905 3337">
    <p class='ocr_par' dir='ltr' id='par_1_12' title="bbox 194 3179 905 3337">
     <span class='ocr_line' id='line_1_34' title="bbox 194 3179 905 3256; baseline 0.013 -24"><span class='ocrx_word' id='word_1_215' title='bbox 194 3179 291 3247; x_wconf 89' lang='lat' dir='ltr'><strong>thue</strong></span> <span class='ocrx_word' id='word_1_216' title='bbox 310 3179 368 3232; x_wconf 88' lang='lat' dir='ltr'><strong>dies</strong></span> <span class='ocrx_word' id='word_1_217' title='bbox 387 3181 494 3234; x_wconf 87' lang='lat' dir='ltr'><strong>ineerta</strong></span> <span class='ocrx_word' id='word_1_218' title='bbox 511 3200 597 3246; x_wconf 87' lang='lat' dir='ltr'><strong>sacro,</strong></span> <span class='ocrx_word' id='word_1_219' title='bbox 617 3185 656 3238; x_wconf 91' lang='lat' dir='ltr'><strong>sie</strong></span> <span class='ocrx_word' id='word_1_220' title='bbox 674 3189 802 3256; x_wconf 88' lang='lat' dir='ltr'><strong>tempora</strong></span> <span class='ocrx_word' id='word_1_221' title='bbox 820 3191 905 3250; x_wconf 87' lang='lat' dir='ltr'><strong>certa,</strong></span> 
     </span>
     <span class='ocr_line' id='line_1_35' title="bbox 233 3256 806 3337; baseline 0.019 -25"><span class='ocrx_word' id='word_1_222' title='bbox 233 3256 391 3312; x_wconf 87' lang='lat' dir='ltr'><strong>Seminibus</strong></span> <span class='ocrx_word' id='word_1_223' title='bbox 407 3258 491 3327; x_wconf 83' lang='lat' dir='ltr'><strong>jactis</strong></span> <span class='ocrx_word' id='word_1_224' title='bbox 510 3266 552 3316; x_wconf 88' lang='lat' dir='ltr'><strong>est</strong></span> <span class='ocrx_word' id='word_1_225' title='bbox 569 3262 620 3319; x_wconf 87' lang='lat' dir='ltr'><strong>ubi</strong></span> <span class='ocrx_word' id='word_1_226' title='bbox 637 3264 712 3322; x_wconf 87' lang='lat' dir='ltr'><strong>fetus</strong></span> <span class='ocrx_word' id='word_1_227' title='bbox 730 3284 806 3337; x_wconf 85' lang='lat' dir='ltr'><strong>ager.</strong></span> 
     </span>
    </p>
   </div>
   <div class='ocr_carea' id='block_1_10' title="bbox 0 0 1133 3706">
    <p class='ocr_par' dir='ltr' id='par_1_13' title="bbox 0 0 1133 3706">
     <span class='ocr_line' id='line_1_36' title="bbox 0 0 1133 3706; baseline 0 0"><span class='ocrx_word' id='word_1_228' title='bbox 0 0 1133 3706; x_wconf 95' lang='lat' dir='ltr'><strong> </strong></span> 
     </span>
    </p>
   </div>
  </div>
 </body>
</html>
