2250 3704
158 61 213 116 100
317 58 352 115 P.
371 57 510 114 OVIDII
527 50 851 112 NASONIS‘PASPI.

158 202 343 258 Abstulerant
359 207 454 275 ruptas
473 201 600 257 Phoeben
616 198 795 271 Phoebesque
812 215 938 254 sororem

194 283 360 356 Tyndaride
378 285 488 349 fratres,
507 282 553 338 hio
571 301 665 354 eques,
684 281 732 338 ille
750 281 837 354 pugil.
961 280 1017 338 700

159 366 240 422 Belle
256 372 365 439 parunt,
383 371 572 438 repetuntque
590 383 655 420 suus
673 370 703 420 et
719 363 808 419 freter
824 369 854 420 et
870 362 949 429 Idus,

194 448 336 522 Leucippo
353 449 416 505 fieri
432 455 531 522 peetus
549 454 669 520 uterque
687 465 782 519 gener.

160 530 215 587 His
233 549 319 596 emor,
337 537 371 586 ut
388 537 525 604 repetant,
544 531 608 594 illis,
627 536 660 586 ut
676 529 794 586 reddere
811 528 912 594 nolint,

196 613 318 679 Suadet;
337 619 366 670 et
385 633 419 670 ex
437 633 519 670 eausa
535 619 644 686 pugnat
660 619 780 684 uterque
797 612 867 683 puri.

161 695 297 768 Effugere
315 697 453 752 (Ebelidoe
470 715 554 752 eursu
570 702 687 768 potuere
705 700 870 766 sequentes;
962 693 1016 752 705

197 777 254 834 Sed
270 779 362 835 visum
380 779 463 835 oeleri
480 780 592 834 vincere
609 784 693 850 turpe
711 776 787 848 lugu.
881 819 883 824 .

158 860 244 918 Liber
261 861 297 917 ab
315 861 460 916 arboribus
477 860 555 916 loeus
574 866 625 924 est,
644 865 710 932 opta
727 877 792 914 area
808 877 920 931 pugme.

199 943 389 999 Constiterant
407 943 479 999 illie:
498 962 601 999 nomen
618 942 751 1015 Aphidna
766 942 837 998 loeo.

158 1028 278 1083 Pectora
293 1028 428 1099 trajectus
447 1026 561 1099 Lynoeo
579 1026 679 1082 Castor
697 1026 732 1081 ub
752 1043 818 1080 ense

194 1109 225 1164 N
226 1128 264 1164 on
280 1115 439 1181 exspectato
455 1109 571 1164 vulnere
587 1108 690 1180 pressit
707 1107 833 1162 humum.
962 1107 1018 1165 710

159 1191 244 1248 Ultor
260 1192 340 1247 udest
357 1191 467 1255 Pollux,
486 1197 516 1246 et
533 1190 646 1263 Lyncea
663 1189 789 1262 perforat
805 1189 895 1255 hosts,

196 1273 261 1342 Qua
278 1274 370 1330 cervix
386 1274 518 1329 humeros
537 1273 698 1330 eontinuetu
714 1273 826 1344 premit.

161 1356 228 1412 Ibat
246 1357 276 1411 in
292 1356 368 1412 huno
385 1356 462 1420 Ides,
481 1357 583 1428 vixque
601 1360 644 1411 est
662 1355 743 1411 Jovis
760 1355 826 1427 igne
843 1356 991 1428 repulsus:

195 1437 263 1494 Telo
279 1444 374 1494 temen
392 1438 495 1493 dextre
513 1438 630 1494 fulmine
647 1443 728 1511 repta
745 1444 858 1509 negent.

159 1519 280 1594 Jamque
297 1521 351 1576 tibi
368 1520 475 1584 eoelum,
494 1520 603 1587 Pollux,
623 1521 741 1576 sublime
758 1521 874 1593 putebat
883 1544 891 1586 ς
960 1520 1015 1579 715

194 1603 273 1668 (lum,
293 1603 369 1668 Meu,
389 1603 491 1668 dixisti,
509 1605 620 1676 peroipe
638 1603 732 1667 verbu,
752 1603 847 1658 Peter.

160 1685 245 1754 Quod
261 1686 330 1742 mihi
348 1687 397 1742 des
415 1686 474 1750 uni,
493 1687 593 1742 ooelum
609 1687 716 1758 pertire
733 1686 858 1742 duobus:

193 1767 350 1823 Dimidium
367 1772 428 1823 toto
444 1787 560 1824 munere
577 1769 668 1839 majus
687 1768 749 1824 erit.

158 1849 247 1914 Dixit,
266 1855 295 1905 et
314 1848 422 1905 alterne
439 1851 555 1906 lintrem
573 1852 693 1906 statione
710 1850 845 1907 redemit:

194 1931 272 1988 Utile
291 1931 414 1988 sollieitae
432 1933 508 1988 sidus
526 1939 645 2004 uterque
663 1933 727 1988 rati.
961 1935 1019 1993 ⁷20

159 2015 206 2071 Ad
223 2013 244 2070 J
245 2033 329 2070 unum
345 2016 451 2080 redeat,
470 2017 520 2088 qui
537 2015 645 2087 querit,
664 2016 775 2088 Agonia
792 2016 863 2089 quid
879 2017 953 2082 sint;

195 2097 265 2166 Quae
282 2104 377 2154 tamen
393 2097 423 2152 in
441 2097 520 2153 festis
538 2098 592 2153 hoo
610 2116 721 2171 quoque
738 2105 850 2171 tempus
867 2098 983 2156 hubent.

157 2231 250 2288 Nocte
268 2237 401 2304 sequente
420 2232 494 2288 diem
512 2233 587 2288 cunis
605 2231 772 2309 Erigoneius
791 2233 858 2290 exit.

193 2314 248 2371 Est
265 2315 319 2370 elio
337 2315 409 2388 signi
426 2315 538 2370 reddite
558 2334 640 2371 eausa
657 2315 727 2371 loeo.

157 2451 289 2508 Proxime
305 2452 427 2509 Vulcani
443 2454 492 2508 lux
510 2459 569 2519 est;
589 2452 762 2509 Tubilustria
780 2452 886 2510 dieunt.
906 2477 914 2500 ·
960 2455 1017 2514 725

194 2533 364 2592 Lustruntur
379 2555 465 2608 purae,
485 2555 554 2608 quus
573 2535 640 2591 feeit
658 2536 713 2599 ille,
732 2536 816 2592 tubae.

159 2616 287 2685 Quutuor
305 2618 369 2674 inde
386 2618 461 2673 notis
478 2618 555 2673 loeus
574 2624 634 2682 est;
653 2618 755 2690 quibus
774 2619 871 2676 ordine
888 2620 971 2676 lectis

193 2699 250 2754 Vel
266 2718 326 2756 mos
345 2719 494 2764 sacrorum,
512 2701 559 2756 vel
577 2700 659 2772 Fuga
676 2700 763 2772 Regis
781 2701 863 2758 inest.

157 2780 188 2837 N
189 2800 221 2836 eo
237 2787 266 2836 te
283 2787 426 2854 praetereo,
445 2783 544 2854 populi
563 2783 688 2838 Fortrmu
705 2783 827 2855 potentis

193 2863 318 2929 Publice,
338 2865 383 2920 oui
400 2867 536 2938 templum
553 2866 615 2921 luoe
634 2871 768 2938 sequente
787 2866 892 2922 datum.
960 2868 1019 2926 730

158 2944 241 3002 Hane
258 2945 308 3001 ubi
326 2946 403 3002 dives
421 2948 500 3020 equis
518 2948 656 3020 occeperit
672 2948 854 3020 Amphitrite,

193 3027 282 3080 Grata
299 3027 321 3080 J
321 3029 366 3084 ovi
377 3028 466 3084 'fulvus
483 3036 574 3085 rostro
590 3030 698 3086 videbis
717 3028 785 3086 uvis.

157 3153 275 3208 Auferet
293 3174 327 3209 ex
344 3159 430 3213 oeulis
447 3162 561 3216 veniens
579 3164 691 3218 Aurora
707 3164 834 3222 Bootem

193 3231 387 3304 Continuoque
406 3238 451 3294 die
469 3241 545 3296 sidus
563 3241 690 3314 Hyantis
709 3246 772 3301 erit.
