2252 3706
215 81 251 135 04
447 78 480 133 P.
500 77 640 134 OVIDII
658 77 836 136 NASONIS
983 81 1052 152 [144.

213 220 239 276 Ο
257 221 365 278 utinam
382 241 444 278 mea
461 241 528 286 sors,
547 240 603 294 qua
619 223 741 293 primum
759 227 887 294 4444441,
907 223 989 279 isset!

247 302 369 376 Jamque
387 322 439 376 ego
456 304 586 375 presenti
603 309 729 375 tempore
747 301 825 360 nulle
842 303 949 360 forem!

215 384 292 453 Quid
308 404 353 441 me
370 386 487 441 desertis
504 386 667 457 peritiuam,
685 381 778 448 Liber,
798 386 889 442 arenis

250 465 405 522 servabas?
423 467 503 540 potui
521 465 678 524 dedoluisse
696 466 791 522 semel.
1007 474 1054 527 480

213 547 321 604 Beoehe
338 548 415 613 levis,
434 549 576 619 leviorque
594 548 659 612 tuis,
679 566 740 619 quse
758 553 886 619 tempora
903 549 1022 621 cingunt,

248 629 425 695 Frondibus3
444 631 475 686 in
491 630 628 701 lacrymas
646 629 755 701 eognite
773 628 882 686 Baoohe
899 649 989 697 meas;

212 711 306 767 Ausus
325 730 354 767 es
373 718 437 768 ante
455 711 549 767 oculos
567 711 688 769 adducta
704 710 802 781 pelliee
820 717 929 767 nostros

248 794 317 848 Tam
333 794 405 849 bene
423 793 605 864 compositum
617 792 773 850 sollicitare
790 792 906 848 torum?

213 873 280 930 Heu
298 874 347 930 ubi
364 880 445 946 paeta
462 874 553 932 fides?
571 875 629 938 nbi.
648 892 710 946 que
725 876 821 946 jurare
838 875 965 930 solebas?
1008 881 1056 934 485

247 955 298 1011 Μ4
315 956 453 1020 miseram,
473 955 582 1028 quoties
599 955 659 1010 heo
677 973 728 1026 ego
746 956 832 1011 verba
848 955 962 1028 loquor!

212 1037 319 1093 Thesea
336 1037 474 1110 culpabas,
494 1037 675 1108 fellaeemque
693 1036 753 1108 ipse
771 1037 904 1092 vocabas:

229 1119 360 1174 Ι«14011010
377 1138 474 1190 peones
492 1121 602 1191 turpius
620 1119 679 1191 ipse
697 1125 756 1174 140.

211 1200 241 1256 N
242 1221 257 1257 e
275 1201 344 1257 40141
362 1201 414 1256 hoc
432 1202 587 1272 quisquam„
605 1201 753 1272 tacitisque
771 1200 912 1258 doloribus
930 1221 1010 1259 urar:

246 1283 276 1339 N
277 1302 293 1338 e
311 1284 393 1338 toties
412 1283 471 1340 14111
488 1283 573 1354 digna
590 1283 675 1338 fuisse
692 1289 784 1354 puter.
1010 1291 1062 1343 400

211 1364 355 1436 Praecipue
373 1365 482 1436 cupiam
500 1364 584 1422 oelari
602 1363 726 1428 Theseu
744 1382 780 1420 ne
797 1368 827 1419 te

246 1446 410 1502 consortem
428 1446 515 1517 oulpn
533 1445 655 1518 gaudeat
672 1463 733 1502 esse
751 1463 816 1500 444.

208 1530 257 1592 At,
275 1535 354 1599 puto,
371 1529 520 1599 preposita
537 1534 580 1584 est
597 1528 682 1597 14404
698 1527 769 1582 mihi
786 1527 903 1584 eandida
919 1530 1020 1600 pellex.

243 1611 365 1666 Eveniat
381 1611 483 1666 nostris
500 1609 629 1666 hostibus
646 1609 693 1666 ille
711 1610 801 1664 oolorl

210 1693 286 1762 Quid
304 1700 397 1749 tamen
408 1693 461 1748 hoo
472 1692 576 1748 refert?
593 1692 663 1746 vitio
680 1691 734 1747 tibi
752 1692 856 1764 gratior
867 1691 927 1764 ipso
940 1700 991 1748 est.
1011 1699 1064 1752 495

245 1774 321 1843 Quid
339 1775 428 1830 140141
448 1773 592 1846 amplexus
610 1773 739 1845 inquinat
756 1773 805 1828 ills
821 1779 893 1829 tuos.

208 1855 324 1921 Bacche,
344 1857 428 1912 fidem
446 1862 563 1928 praesta;
583 1874 635 1912 nee
652 1855 753 1926 prefer
770 1856 910 1912 amoribus
928 1856 1018 1914 ullam
1112 1829 1125 1900 ⁴,

243 1938 376 2010 Oonjugis
395 1945 511 1994 essuetae
530 1955 639 2008 semper
657 1955 749 1993 amare
766 1938 866 1992 virum.
891 2009 893 2016 Α
1120 1941 1125 2018 l

208 2020 350 2092 (leperunt
367 2025 484 2075 matrem
501 2019 616 2076 formosi
634 2037 737 2076 cornua
754 2019 844 2084 tauri3

242 2102 293 2158 Me
310 2108 375 2158 tua:
395 2107 424 2157 41
441 2102 487 2158 hio
504 2101 582 2156 leudi
599 2106 650 2166 est,
669 2101 716 2158 ille
733 2101 880 2172 pudendus
900 2120 987 2162 amor.
1013 2108 1072 2160 500
1124 2139 1125 2192 p

206 2183 236 2240 N
237 2203 252 2240 e
264 2189 369 2246 400441,
379 2183 454 2255 quod
463 2201 536 2238 amo:
552 2201 643 2253 neque
653 2183 727 2238 enim
736 2182 796 2247 tibi,
805 2182 923 2248 Baoohe,
934 2187 1070 2250 nocebat,
1124 2223 1125 2248 ,

242 2269 327 2338 Quod
344 2268 468 2324 flammas
486 2269 566 2323 nobis
584 2268 675 2324 144444
694 2287 724 2326 04
735 2269 801 2340 ¹ipse
819 2275 891 2324 1444.

206 2350 276 2415 Nea,
295 2350 371 2422 quod
388 2368 438 2405 nos
456 2351 523 2414 uris,
540 2351 643 2406 mirum
660 2350 737 2406 loeis.
773 2351 860 2406 Ortus
878 2351 908 2406 in
925 2352 995 2424 igne

240 2433 358 2496 Diceris,
378 2439 407 2488 et
424 2433 515 2505 patria
531 2437 629 2504 raptus
647 2433 682 2486 ab
700 2433 766 2504 igne
783 2451 878 2488 manu·

205 2513 261 2570 Illa
278 2533 330 2587 ego
349 2533 419 2578 sum,
438 2514 484 2569 041
500 2519 533 2568 14
551 2511 648 2568 solitus
665 2513 828 2585 promittere
847 2514 954 2572 ooelum.
1015 2521 1073 2573 505

241 2596 309 2653 Heu
326 2596 404 2660 mihi,
423 2614 474 2668 pro
493 2596 561 2651 aoelo
580 2595 673 2665 qualia
691 2595 765 2652 done
781 2595 857 2651 fero!

205 2679 339 2736 Dixerat:
360 2679 474 2735 audibat
489 2677 655 2749 jamdudum
673 2678 759 2733 verba
777 2679 918 2750 querentis

240 2760 333 2824 Liber,
352 2765 384 2815 41
402 2780 419 2816 4
436 2766 516 2831 tergo
534 2759 606 2814 forte
622 2765 736 2816 4004144
754 2765 822 2814 erat.

204 2842 331 2915 Ooaupat
349 2843 486 2914 amplexu,
504 2842 697 2914 lacrymasque
715 2860 766 2914 per
783 2841 877 2897 osenla
894 2843 1001 2898 sieoate

239 2922 288 2988 Et,
306 2921 417 2979 Pariter
429 2924 491 2979 oceli
508 2941 617 2979 summa
633 2930 770 2994 petamus,
790 2924 836 2978 411.
1015 2931 1086 2986 510
1117 2959 1124 3002 1

203 3005 248 3061 Tu
264 3006 334 3060 mihi
348 3007 447 3077 juncte
463 3012 535 3070 toro,
553 3006 624 3060 mihi
637 3007 737 3076 jnuota
753 3005 889 3062 voeabula
906 3025 1027 3064 mines:

238 3086 260 3140 J
260 3105 305 3140 am
322 3087 375 3140 tibi
392 3093 507 3141 mutatus
524 3086 627 3141 Iibera
644 3105 747 3144 nomen
764 3088 826 3142 erit.

205 3165 322 3234 Sintque
340 3171 395 3218 144
413 3171 507 3220 teeum
523 3166 624 3222 1401414
641 3175 823 3224 monumenta
840 3188 957 3236 eoronse,

238 3241 381 3298 Vulcanus
400 3244 506 3300 Veneri
523 3265 606 3316 quam
625 3249 711 3314 dedit,
730 3250 778 3305 1114
795 3250 855 3306 tibi
