<?xml version="1.0" encoding="UTF-8"?>
<!DOCTYPE html PUBLIC "-//W3C//DTD XHTML 1.0 Transitional//EN"
    "http://www.w3.org/TR/xhtml1/DTD/xhtml1-transitional.dtd">
<html xmlns="http://www.w3.org/1999/xhtml" xml:lang="en" lang="en">
 <head>
  <title>
</title>
<meta http-equiv="Content-Type" content="text/html;charset=utf-8" />
  <meta name='ocr-system' content='tesseract 3.04.00' />
  <meta name='ocr-capabilities' content='ocr_page ocr_carea ocr_par ocr_line ocrx_word'/>
</head>
<body>
  <div class='ocr_page' id='page_1' title='image "./fasti00ovidgoog_0137.png"; bbox 0 0 2250 3704; ppageno 0'>
   <div class='ocr_carea' id='block_1_1' title="bbox 186 53 1117 182">
    <p class='ocr_par' dir='ltr' id='par_1_1' title="bbox 186 53 1117 182">
     <span class='ocr_line' id='line_1_1' title="bbox 186 53 1117 182; baseline -0.001 -14"><span class='ocrx_word' id='word_1_1' title='bbox 186 113 239 168; x_wconf 76' lang='lat'>132</span> <span class='ocrx_word' id='word_1_2' title='bbox 417 108 450 164; x_wconf 92' lang='lat' dir='ltr'>P.</span> <span class='ocrx_word' id='word_1_3' title='bbox 470 107 608 164; x_wconf 91' lang='lat' dir='ltr'>OVIDII</span> <span class='ocrx_word' id='word_1_4' title='bbox 625 109 803 166; x_wconf 80' lang='lat' dir='ltr'><strong>NASONIS</strong></span> <span class='ocrx_word' id='word_1_5' title='bbox 957 109 1030 182; x_wconf 82' lang='lat' dir='ltr'>[Lm.</span> <span class='ocrx_word' id='word_1_6' title='bbox 1116 53 1117 98; x_wconf 64' lang='lat' dir='ltr'>l</span> 
     </span>
    </p>
   </div>
   <div class='ocr_carea' id='block_1_2' title="bbox 187 251 1122 3377">
    <p class='ocr_par' dir='ltr' id='par_1_2' title="bbox 187 251 1122 3377">
     <span class='ocr_line' id='line_1_2' title="bbox 187 251 871 324; baseline 0.001 -15"><span class='ocrx_word' id='word_1_7' title='bbox 187 254 301 310; x_wconf 78' lang='lat' dir='ltr'>Curtius</span> <span class='ocrx_word' id='word_1_8' title='bbox 319 251 366 308; x_wconf 86' lang='lat' dir='ltr'>ille</span> <span class='ocrx_word' id='word_1_9' title='bbox 384 253 469 316; x_wconf 85' lang='lat' dir='ltr'>laous,</span> <span class='ocrx_word' id='word_1_10' title='bbox 489 252 575 308; x_wconf 85' lang='lat' dir='ltr'>siooas</span> <span class='ocrx_word' id='word_1_11' title='bbox 594 253 643 324; x_wconf 91' lang='lat' dir='ltr'>qui</span> <span class='ocrx_word' id='word_1_12' title='bbox 661 254 783 309; x_wconf 88' lang='lat' dir='ltr'>sustinet</span> <span class='ocrx_word' id='word_1_13' title='bbox 800 273 871 319; x_wconf 86' lang='lat' dir='ltr'>aras,</span> 
     </span>
     <span class='ocr_line' id='line_1_3' title="bbox 222 335 916 399; baseline 0 -6"><span class='ocrx_word' id='word_1_14' title='bbox 222 337 307 393; x_wconf 81' lang='lat' dir='ltr'>Nune</span> <span class='ocrx_word' id='word_1_15' title='bbox 325 336 414 390; x_wconf 89' lang='lat' dir='ltr'>solida</span> <span class='ocrx_word' id='word_1_16' title='bbox 431 341 474 390; x_wconf 88' lang='lat' dir='ltr'>est</span> <span class='ocrx_word' id='word_1_17' title='bbox 492 335 585 399; x_wconf 85' lang='lat' dir='ltr'>tellus,</span> <span class='ocrx_word' id='word_1_18' title='bbox 604 336 655 391; x_wconf 87' lang='lat' dir='ltr'>sad</span> <span class='ocrx_word' id='word_1_19' title='bbox 671 336 749 392; x_wconf 79' lang='lat' dir='ltr'>laem</span> <span class='ocrx_word' id='word_1_20' title='bbox 767 343 833 393; x_wconf 85' lang='lat' dir='ltr'>anto</span> <span class='ocrx_word' id='word_1_21' title='bbox 851 337 916 394; x_wconf 87' lang='lat' dir='ltr'>fuit.</span> 
     </span>
     <span class='ocr_line' id='line_1_4' title="bbox 187 417 1033 493; baseline 0.002 -19"><span class='ocrx_word' id='word_1_22' title='bbox 187 421 251 488; x_wconf 82' lang='lat' dir='ltr'>Qua</span> <span class='ocrx_word' id='word_1_23' title='bbox 268 419 391 475; x_wconf 85' lang='lat' dir='ltr'>Velabra</span> <span class='ocrx_word' id='word_1_24' title='bbox 409 417 500 474; x_wconf 90' lang='lat' dir='ltr'>solent</span> <span class='ocrx_word' id='word_1_25' title='bbox 517 419 547 473; x_wconf 89' lang='lat' dir='ltr'>in</span> <span class='ocrx_word' id='word_1_26' title='bbox 565 418 677 474; x_wconf 77' lang='lat' dir='ltr'>Circum</span> <span class='ocrx_word' id='word_1_27' title='bbox 695 419 797 474; x_wconf 77' lang='lat' dir='ltr'>ducere</span> <span class='ocrx_word' id='word_1_28' title='bbox 815 438 941 493; x_wconf 85' lang='lat' dir='ltr'>pompas,</span> <span class='ocrx_word' id='word_1_29' title='bbox 986 423 1033 476; x_wconf 77' lang='lat'>405</span> 
     </span>
     <span class='ocr_line' id='line_1_5' title="bbox 221 501 845 574; baseline 0 -17"><span class='ocrx_word' id='word_1_30' title='bbox 221 502 273 557; x_wconf 93' lang='lat' dir='ltr'>Nil</span> <span class='ocrx_word' id='word_1_31' title='bbox 289 507 391 574; x_wconf 81' lang='lat' dir='ltr'>praeter</span> <span class='ocrx_word' id='word_1_32' title='bbox 408 501 504 556; x_wconf 83' lang='lat' dir='ltr'>salices</span> <span class='ocrx_word' id='word_1_33' title='bbox 522 519 655 573; x_wconf 81' lang='lat' dir='ltr'>cassaque</span> <span class='ocrx_word' id='word_1_34' title='bbox 673 520 762 556; x_wconf 80' lang='lat' dir='ltr'>annua</span> <span class='ocrx_word' id='word_1_35' title='bbox 780 501 845 557; x_wconf 87' lang='lat' dir='ltr'>fuit.</span> 
     </span>
     <span class='ocr_line' id='line_1_6' title="bbox 188 583 900 657; baseline 0.001 -17"><span class='ocrx_word' id='word_1_36' title='bbox 188 585 267 657; x_wconf 84' lang='lat' dir='ltr'>Saepe</span> <span class='ocrx_word' id='word_1_37' title='bbox 286 583 459 640; x_wconf 87' lang='lat' dir='ltr'>suburbanas</span> <span class='ocrx_word' id='word_1_38' title='bbox 477 583 589 638; x_wconf 90' lang='lat' dir='ltr'>rediens</span> <span class='ocrx_word' id='word_1_39' title='bbox 607 584 725 640; x_wconf 77' lang='lat' dir='ltr'>conviva</span> <span class='ocrx_word' id='word_1_40' title='bbox 741 603 792 656; x_wconf 90' lang='lat' dir='ltr'>per</span> <span class='ocrx_word' id='word_1_41' title='bbox 809 585 900 641; x_wconf 82' lang='lat' dir='ltr'>undas</span> 
     </span>
     <span class='ocr_line' id='line_1_7' title="bbox 223 666 1119 738; baseline 0.004 -16"><span class='ocrx_word' id='word_1_42' title='bbox 223 667 335 730; x_wconf 76' lang='lat' dir='ltr'>Cariat,</span> <span class='ocrx_word' id='word_1_43' title='bbox 355 672 384 722; x_wconf 90' lang='lat' dir='ltr'>et</span> <span class='ocrx_word' id='word_1_44' title='bbox 402 666 437 721; x_wconf 86' lang='lat' dir='ltr'>ad</span> <span class='ocrx_word' id='word_1_45' title='bbox 454 671 554 722; x_wconf 84' lang='lat' dir='ltr'>nautas</span> <span class='ocrx_word' id='word_1_46' title='bbox 573 666 651 722; x_wconf 82' lang='lat' dir='ltr'>sbrie</span> <span class='ocrx_word' id='word_1_47' title='bbox 668 667 753 722; x_wconf 85' lang='lat' dir='ltr'>verba</span> <span class='ocrx_word' id='word_1_48' title='bbox 767 667 847 738; x_wconf 81' lang='lat' dir='ltr'>jaait.</span> <span class='ocrx_word' id='word_1_49' title='bbox 1092 691 1119 726; x_wconf 75' lang='lat' dir='ltr'>·l</span> 
     </span>
     <span class='ocr_line' id='line_1_8' title="bbox 188 748 830 820; baseline -0.001 -15"><span class='ocrx_word' id='word_1_50' title='bbox 188 749 324 806; x_wconf 89' lang='lat' dir='ltr'>Nondum</span> <span class='ocrx_word' id='word_1_51' title='bbox 342 748 508 804; x_wconf 78' lang='lat' dir='ltr'>conveniens</span> <span class='ocrx_word' id='word_1_52' title='bbox 525 748 642 804; x_wconf 85' lang='lat' dir='ltr'>diversis</span> <span class='ocrx_word' id='word_1_53' title='bbox 659 750 714 804; x_wconf 88' lang='lat' dir='ltr'>iste</span> <span class='ocrx_word' id='word_1_54' title='bbox 731 749 830 820; x_wconf 84' lang='lat' dir='ltr'>figuris</span> 
     </span>
     <span class='ocr_line' id='line_1_9' title="bbox 224 832 1119 904; baseline -0.003 -17"><span class='ocrx_word' id='word_1_55' title='bbox 224 833 336 887; x_wconf 84' lang='lat' dir='ltr'><strong>Nomen</strong></span> <span class='ocrx_word' id='word_1_56' title='bbox 355 832 390 887; x_wconf 87' lang='lat' dir='ltr'>ab</span> <span class='ocrx_word' id='word_1_57' title='bbox 408 849 505 886; x_wconf 84' lang='lat' dir='ltr'>averso</span> <span class='ocrx_word' id='word_1_58' title='bbox 524 837 636 904; x_wconf 79' lang='lat' dir='ltr'><strong>ceperat</strong></span> <span class='ocrx_word' id='word_1_59' title='bbox 654 850 736 886; x_wconf 85' lang='lat' dir='ltr'>amne</span> <span class='ocrx_word' id='word_1_60' title='bbox 754 832 833 888; x_wconf 86' lang='lat' dir='ltr'>deus.</span> <span class='ocrx_word' id='word_1_61' title='bbox 989 835 1040 888; x_wconf 78' lang='lat'>410</span> <span class='ocrx_word' id='word_1_62' title='bbox 1118 869 1119 884; x_wconf 40' lang='lat' dir='ltr'>t</span> 
     </span>
     <span class='ocr_line' id='line_1_10' title="bbox 189 913 998 986; baseline 0 -16"><span class='ocrx_word' id='word_1_63' title='bbox 189 914 246 971; x_wconf 80' lang='lat' dir='ltr'>Hie</span> <span class='ocrx_word' id='word_1_64' title='bbox 264 932 375 986; x_wconf 86' lang='lat' dir='ltr'>quoque</span> <span class='ocrx_word' id='word_1_65' title='bbox 392 913 472 968; x_wconf 88' lang='lat' dir='ltr'>luous</span> <span class='ocrx_word' id='word_1_66' title='bbox 490 919 559 978; x_wconf 84' lang='lat' dir='ltr'>erat,</span> <span class='ocrx_word' id='word_1_67' title='bbox 575 914 667 986; x_wconf 88' lang='lat' dir='ltr'>junois</span> <span class='ocrx_word' id='word_1_68' title='bbox 686 920 715 970; x_wconf 90' lang='lat' dir='ltr'>et</span> <span class='ocrx_word' id='word_1_69' title='bbox 733 915 869 970; x_wconf 87' lang='lat' dir='ltr'>arundine</span> <span class='ocrx_word' id='word_1_70' title='bbox 888 913 998 978; x_wconf 87' lang='lat' dir='ltr'>densus,</span> 
     </span>
     <span class='ocr_line' id='line_1_11' title="bbox 224 995 793 1068; baseline 0.005 -18"><span class='ocrx_word' id='word_1_71' title='bbox 224 996 264 1051; x_wconf 81' lang='lat' dir='ltr'>Et</span> <span class='ocrx_word' id='word_1_72' title='bbox 281 995 352 1068; x_wconf 89' lang='lat' dir='ltr'>pede</span> <span class='ocrx_word' id='word_1_73' title='bbox 370 996 462 1050; x_wconf 85' lang='lat' dir='ltr'>velato</span> <span class='ocrx_word' id='word_1_74' title='bbox 480 1014 537 1051; x_wconf 90' lang='lat' dir='ltr'>non</span> <span class='ocrx_word' id='word_1_75' title='bbox 555 996 685 1052; x_wconf 86' lang='lat' dir='ltr'>adeunda</span> <span class='ocrx_word' id='word_1_76' title='bbox 702 997 793 1068; x_wconf 88' lang='lat' dir='ltr'>palus.</span> 
     </span>
     <span class='ocr_line' id='line_1_12' title="bbox 190 1078 1120 1158; baseline -0.002 -22"><span class='ocrx_word' id='word_1_77' title='bbox 190 1079 297 1150; x_wconf 77' lang='lat' dir='ltr'>Stagna</span> <span class='ocrx_word' id='word_1_78' title='bbox 312 1084 496 1142; x_wconf 81' lang='lat' dir='ltr'>recesserunt,</span> <span class='ocrx_word' id='word_1_79' title='bbox 515 1083 544 1134; x_wconf 89' lang='lat' dir='ltr'>et</span> <span class='ocrx_word' id='word_1_80' title='bbox 562 1097 649 1151; x_wconf 88' lang='lat' dir='ltr'>aquas</span> <span class='ocrx_word' id='word_1_81' title='bbox 668 1097 719 1134; x_wconf 88' lang='lat' dir='ltr'>sua</span> <span class='ocrx_word' id='word_1_82' title='bbox 736 1079 798 1151; x_wconf 86' lang='lat' dir='ltr'>ripa</span> <span class='ocrx_word' id='word_1_83' title='bbox 816 1084 935 1142; x_wconf 85' lang='lat' dir='ltr'>ooeroet,</span> <span class='ocrx_word' id='word_1_84' title='bbox 1119 1078 1120 1158; x_wconf 68' lang='lat' dir='ltr'>l</span> 
     </span>
     <span class='ocr_line' id='line_1_13' title="bbox 226 1161 1120 1233; baseline -0.001 -16"><span class='ocrx_word' id='word_1_85' title='bbox 226 1162 360 1233; x_wconf 77' lang='lat' dir='ltr'>Siccaque</span> <span class='ocrx_word' id='word_1_86' title='bbox 377 1179 453 1217; x_wconf 83' lang='lat' dir='ltr'>nuno</span> <span class='ocrx_word' id='word_1_87' title='bbox 470 1161 570 1225; x_wconf 86' lang='lat' dir='ltr'>tellus;</span> <span class='ocrx_word' id='word_1_88' title='bbox 591 1180 652 1217; x_wconf 90' lang='lat' dir='ltr'>mos</span> <span class='ocrx_word' id='word_1_89' title='bbox 669 1168 765 1218; x_wconf 88' lang='lat' dir='ltr'>tamen</span> <span class='ocrx_word' id='word_1_90' title='bbox 783 1163 849 1217; x_wconf 86' lang='lat' dir='ltr'>inde</span> <span class='ocrx_word' id='word_1_91' title='bbox 866 1167 972 1216; x_wconf 87' lang='lat' dir='ltr'>maaet.</span> <span class='ocrx_word' id='word_1_92' title='bbox 1119 1165 1120 1226; x_wconf 66' lang='grc' dir='ltr'>ζ</span> 
     </span>
     <span class='ocr_line' id='line_1_14' title="bbox 189 1243 1043 1316; baseline 0.001 -17"><span class='ocrx_word' id='word_1_93' title='bbox 189 1244 363 1300; x_wconf 85' lang='lat' dir='ltr'>Reddiderat</span> <span class='ocrx_word' id='word_1_94' title='bbox 381 1261 500 1298; x_wconf 85' lang='lat' dir='ltr'>oausam.</span> <span class='ocrx_word' id='word_1_95' title='bbox 538 1243 650 1308; x_wconf 88' lang='lat' dir='ltr'>Valeas,</span> <span class='ocrx_word' id='word_1_96' title='bbox 669 1262 739 1299; x_wconf 86' lang='lat' dir='ltr'>anus</span> <span class='ocrx_word' id='word_1_97' title='bbox 757 1245 872 1316; x_wconf 84' lang='lat' dir='ltr'>optima,</span> <span class='ocrx_word' id='word_1_98' title='bbox 892 1244 967 1308; x_wconf 81' lang='lat' dir='ltr'>dixi;</span> <span class='ocrx_word' id='word_1_99' title='bbox 991 1247 1043 1300; x_wconf 76' lang='lat'>415</span> 
     </span>
     <span class='ocr_line' id='line_1_15' title="bbox 226 1325 851 1396; baseline -0.002 -15"><span class='ocrx_word' id='word_1_100' title='bbox 226 1326 311 1394; x_wconf 83' lang='lat' dir='ltr'>Quod</span> <span class='ocrx_word' id='word_1_101' title='bbox 328 1332 455 1396; x_wconf 77' lang='lat' dir='ltr'>superest</span> <span class='ocrx_word' id='word_1_102' title='bbox 473 1325 524 1380; x_wconf 85' lang='lat' dir='ltr'>aevi</span> <span class='ocrx_word' id='word_1_103' title='bbox 541 1326 626 1382; x_wconf 90' lang='lat' dir='ltr'>molle</span> <span class='ocrx_word' id='word_1_104' title='bbox 644 1326 681 1381; x_wconf 89' lang='lat' dir='ltr'>sit</span> <span class='ocrx_word' id='word_1_105' title='bbox 699 1344 781 1381; x_wconf 87' lang='lat' dir='ltr'>omna</span> <span class='ocrx_word' id='word_1_106' title='bbox 799 1327 851 1380; x_wconf 87' lang='lat' dir='ltr'>tui.</span> 
     </span>
     <span class='ocr_line' id='line_1_16' title="bbox 191 1407 890 1480; baseline 0.001 -16"><span class='ocrx_word' id='word_1_107' title='bbox 191 1409 298 1464; x_wconf 84' lang='lat' dir='ltr'>Oaeters</span> <span class='ocrx_word' id='word_1_108' title='bbox 313 1410 373 1480; x_wconf 87' lang='lat' dir='ltr'>jam</span> <span class='ocrx_word' id='word_1_109' title='bbox 389 1408 499 1479; x_wconf 83' lang='lat' dir='ltr'><strong>pridem</strong></span> <span class='ocrx_word' id='word_1_110' title='bbox 517 1407 602 1464; x_wconf 86' lang='lat' dir='ltr'>didioi</span> <span class='ocrx_word' id='word_1_111' title='bbox 619 1408 775 1480; x_wconf 77' lang='lat' dir='ltr'>puerilibus</span> <span class='ocrx_word' id='word_1_112' title='bbox 794 1409 873 1465; x_wconf 86' lang='lat' dir='ltr'>annis</span> <span class='ocrx_word' id='word_1_113' title='bbox 882 1433 890 1474; x_wconf 87' lang='lat'>;</span> 
     </span>
     <span class='ocr_line' id='line_1_17' title="bbox 225 1489 831 1561; baseline -0.002 -15"><span class='ocrx_word' id='word_1_114' title='bbox 225 1491 254 1546; x_wconf 93' lang='lat' dir='ltr'><strong>N</strong></span> <span class='ocrx_word' id='word_1_115' title='bbox 257 1510 293 1545; x_wconf 93' lang='lat' dir='ltr'>on</span> <span class='ocrx_word' id='word_1_116' title='bbox 310 1496 404 1544; x_wconf 84' lang='lat' dir='ltr'>tamen</span> <span class='ocrx_word' id='word_1_117' title='bbox 422 1489 525 1544; x_wconf 82' lang='lat' dir='ltr'>ideireo</span> <span class='ocrx_word' id='word_1_118' title='bbox 542 1490 737 1561; x_wconf 65' lang='lat' dir='ltr'>pretereunda</span> <span class='ocrx_word' id='word_1_119' title='bbox 753 1490 831 1546; x_wconf 88' lang='lat' dir='ltr'>mihi.</span> 
     </span>
     <span class='ocr_line' id='line_1_18' title="bbox 191 1570 912 1643; baseline 0.001 -15"><span class='ocrx_word' id='word_1_120' title='bbox 191 1572 300 1628; x_wconf 87' lang='lat' dir='ltr'>Moenia</span> <span class='ocrx_word' id='word_1_121' title='bbox 317 1570 493 1626; x_wconf 69' lang='lat' dir='ltr'>Dardanides</span> <span class='ocrx_word' id='word_1_122' title='bbox 511 1589 602 1643; x_wconf 87' lang='lat' dir='ltr'>nuper</span> <span class='ocrx_word' id='word_1_123' title='bbox 619 1589 692 1627; x_wconf 83' lang='lat' dir='ltr'>nora</span> <span class='ocrx_word' id='word_1_124' title='bbox 709 1571 815 1628; x_wconf 81' lang='lat' dir='ltr'>fenerat</span> <span class='ocrx_word' id='word_1_125' title='bbox 832 1571 912 1629; x_wconf 86' lang='lat' dir='ltr'>Ilus:</span> 
     </span>
     <span class='ocr_line' id='line_1_19' title="bbox 226 1653 1049 1726; baseline 0 -15"><span class='ocrx_word' id='word_1_126' title='bbox 226 1655 287 1711; x_wconf 91' lang='lat' dir='ltr'>Ilus</span> <span class='ocrx_word' id='word_1_127' title='bbox 306 1654 397 1710; x_wconf 83' lang='lat' dir='ltr'>adhue</span> <span class='ocrx_word' id='word_1_128' title='bbox 415 1654 490 1710; x_wconf 70' lang='lat' dir='ltr'>Asis</span> <span class='ocrx_word' id='word_1_129' title='bbox 510 1653 588 1710; x_wconf 84' lang='lat' dir='ltr'>dives</span> <span class='ocrx_word' id='word_1_130' title='bbox 607 1654 730 1712; x_wconf 85' lang='lat' dir='ltr'>habebat</span> <span class='ocrx_word' id='word_1_131' title='bbox 748 1673 823 1726; x_wconf 89' lang='lat' dir='ltr'>opes.</span> <span class='ocrx_word' id='word_1_132' title='bbox 992 1658 1049 1711; x_wconf 80' lang='lat'>420</span> 
     </span>
     <span class='ocr_line' id='line_1_20' title="bbox 192 1736 893 1809; baseline 0.001 -16"><span class='ocrx_word' id='word_1_133' title='bbox 192 1738 324 1793; x_wconf 82' lang='lat' dir='ltr'>Creditur</span> <span class='ocrx_word' id='word_1_134' title='bbox 343 1736 478 1792; x_wconf 75' lang='lat' dir='ltr'>armifera</span> <span class='ocrx_word' id='word_1_135' title='bbox 497 1737 608 1809; x_wconf 85' lang='lat' dir='ltr'>signum</span> <span class='ocrx_word' id='word_1_136' title='bbox 627 1738 737 1794; x_wconf 84' lang='lat' dir='ltr'>eoeleste</span> <span class='ocrx_word' id='word_1_137' title='bbox 755 1737 893 1794; x_wconf 78' lang='lat' dir='ltr'>Minerva</span> 
     </span>
     <span class='ocr_line' id='line_1_21' title="bbox 226 1819 1122 1898; baseline -0.003 -21"><span class='ocrx_word' id='word_1_138' title='bbox 226 1820 313 1876; x_wconf 88' lang='lat' dir='ltr'>Urbis</span> <span class='ocrx_word' id='word_1_139' title='bbox 331 1819 361 1874; x_wconf 90' lang='lat' dir='ltr'>in</span> <span class='ocrx_word' id='word_1_140' title='bbox 379 1819 472 1875; x_wconf 82' lang='lat' dir='ltr'>Iliaoae</span> <span class='ocrx_word' id='word_1_141' title='bbox 490 1819 635 1876; x_wconf 85' lang='lat' dir='ltr'>desiluisse</span> <span class='ocrx_word' id='word_1_142' title='bbox 651 1822 729 1893; x_wconf 85' lang='lat' dir='ltr'>juga.</span> <span class='ocrx_word' id='word_1_143' title='bbox 1110 1843 1122 1898; x_wconf 45' lang='grc' dir='ltr'><em>Δ</em></span> 
     </span>
     <span class='ocr_line' id='line_1_22' title="bbox 192 1902 1122 1976; baseline 0 -17"><span class='ocrx_word' id='word_1_144' title='bbox 192 1903 267 1959; x_wconf 84' lang='lat' dir='ltr'>Oura</span> <span class='ocrx_word' id='word_1_145' title='bbox 284 1902 380 1958; x_wconf 86' lang='lat' dir='ltr'>ridere</span> <span class='ocrx_word' id='word_1_146' title='bbox 398 1902 467 1958; x_wconf 84' lang='lat' dir='ltr'>fuit:</span> <span class='ocrx_word' id='word_1_147' title='bbox 486 1902 545 1958; x_wconf 85' lang='lat' dir='ltr'>ridi</span> <span class='ocrx_word' id='word_1_148' title='bbox 562 1903 755 1974; x_wconf 82' lang='lat' dir='ltr'>templumque</span> <span class='ocrx_word' id='word_1_149' title='bbox 771 1904 928 1976; x_wconf 83' lang='lat' dir='ltr'>locumque.</span> <span class='ocrx_word' id='word_1_150' title='bbox 1121 1935 1122 1944; x_wconf 41' lang='lat' dir='ltr'>r</span> 
     </span>
     <span class='ocr_line' id='line_1_23' title="bbox 229 1983 864 2056; baseline 0.001 -16"><span class='ocrx_word' id='word_1_151' title='bbox 229 1983 294 2040; x_wconf 86' lang='lat' dir='ltr'>Hoo</span> <span class='ocrx_word' id='word_1_152' title='bbox 312 1990 440 2056; x_wconf 85' lang='lat' dir='ltr'>superest</span> <span class='ocrx_word' id='word_1_153' title='bbox 457 1984 514 2040; x_wconf 89' lang='lat' dir='ltr'>illi:</span> <span class='ocrx_word' id='word_1_154' title='bbox 535 1983 651 2040; x_wconf 83' lang='lat' dir='ltr'>Pallada</span> <span class='ocrx_word' id='word_1_155' title='bbox 668 1984 761 2040; x_wconf 80' lang='lat' dir='ltr'>Roma</span> <span class='ocrx_word' id='word_1_156' title='bbox 777 1991 864 2042; x_wconf 85' lang='lat' dir='ltr'>tenet.</span> 
     </span>
     <span class='ocr_line' id='line_1_24' title="bbox 193 2067 1056 2141; baseline 0.003 -18"><span class='ocrx_word' id='word_1_157' title='bbox 193 2067 355 2123; x_wconf 77' lang='lat' dir='ltr'>consulitur</span> <span class='ocrx_word' id='word_1_158' title='bbox 375 2067 552 2122; x_wconf 83' lang='lat' dir='ltr'>Smintheus:</span> <span class='ocrx_word' id='word_1_159' title='bbox 571 2067 691 2140; x_wconf 87' lang='lat' dir='ltr'>luooque</span> <span class='ocrx_word' id='word_1_160' title='bbox 709 2068 844 2124; x_wconf 76' lang='lat' dir='ltr'>obscurus</span> <span class='ocrx_word' id='word_1_161' title='bbox 862 2086 949 2141; x_wconf 83' lang='lat' dir='ltr'>opaeo</span> <span class='ocrx_word' id='word_1_162' title='bbox 995 2071 1056 2126; x_wconf 79' lang='lat'>425</span> 
     </span>
     <span class='ocr_line' id='line_1_25' title="bbox 229 2150 828 2206; baseline 0.002 -1"><span class='ocrx_word' id='word_1_163' title='bbox 229 2150 292 2205; x_wconf 90' lang='lat' dir='ltr'>Hos</span> <span class='ocrx_word' id='word_1_164' title='bbox 310 2169 368 2206; x_wconf 90' lang='lat' dir='ltr'>non</span> <span class='ocrx_word' id='word_1_165' title='bbox 385 2150 503 2206; x_wconf 89' lang='lat' dir='ltr'>mentito</span> <span class='ocrx_word' id='word_1_166' title='bbox 520 2150 645 2206; x_wconf 88' lang='lat' dir='ltr'>reddidit</span> <span class='ocrx_word' id='word_1_167' title='bbox 663 2169 711 2206; x_wconf 89' lang='lat' dir='ltr'>ore</span> <span class='ocrx_word' id='word_1_168' title='bbox 729 2169 828 2206; x_wconf 87' lang='lat' dir='ltr'>sonos:</span> 
     </span>
     <span class='ocr_line' id='line_1_26' title="bbox 192 2232 892 2296; baseline 0 -8"><span class='ocrx_word' id='word_1_169' title='bbox 192 2232 350 2288; x_wconf 82' lang='lat' dir='ltr'>AEtheriam</span> <span class='ocrx_word' id='word_1_170' title='bbox 368 2238 476 2288; x_wconf 85' lang='lat' dir='ltr'>servate</span> <span class='ocrx_word' id='word_1_171' title='bbox 494 2232 592 2296; x_wconf 85' lang='lat' dir='ltr'>deam;</span> <span class='ocrx_word' id='word_1_172' title='bbox 612 2233 760 2289; x_wconf 84' lang='lat' dir='ltr'>servabitis</span> <span class='ocrx_word' id='word_1_173' title='bbox 777 2233 892 2290; x_wconf 80' lang='lat' dir='ltr'>urbem:</span> 
     </span>
     <span class='ocr_line' id='line_1_27' title="bbox 228 2315 813 2388; baseline -0.005 -14"><span class='ocrx_word' id='word_1_174' title='bbox 228 2316 385 2388; x_wconf 88' lang='lat' dir='ltr'>Imperium</span> <span class='ocrx_word' id='word_1_175' title='bbox 403 2334 497 2371; x_wconf 82' lang='lat' dir='ltr'>seeum</span> <span class='ocrx_word' id='word_1_176' title='bbox 514 2315 667 2371; x_wconf 81' lang='lat' dir='ltr'>transferet</span> <span class='ocrx_word' id='word_1_177' title='bbox 685 2316 733 2372; x_wconf 87' lang='lat' dir='ltr'>illa</span> <span class='ocrx_word' id='word_1_178' title='bbox 750 2316 813 2371; x_wconf 80' lang='lat' dir='ltr'>loci.</span> 
     </span>
     <span class='ocr_line' id='line_1_28' title="bbox 194 2398 953 2465; baseline -0.001 -10"><span class='ocrx_word' id='word_1_179' title='bbox 194 2398 301 2463; x_wconf 84' lang='lat' dir='ltr'>Servat,</span> <span class='ocrx_word' id='word_1_180' title='bbox 321 2403 350 2455; x_wconf 90' lang='lat' dir='ltr'>et</span> <span class='ocrx_word' id='word_1_181' title='bbox 367 2398 503 2454; x_wconf 81' lang='lat' dir='ltr'>inclusam</span> <span class='ocrx_word' id='word_1_182' title='bbox 520 2415 629 2452; x_wconf 83' lang='lat' dir='ltr'>summa</span> <span class='ocrx_word' id='word_1_183' title='bbox 646 2404 726 2454; x_wconf 84' lang='lat' dir='ltr'>tenet</span> <span class='ocrx_word' id='word_1_184' title='bbox 743 2398 806 2454; x_wconf 86' lang='lat' dir='ltr'>Ilus</span> <span class='ocrx_word' id='word_1_185' title='bbox 824 2399 855 2454; x_wconf 91' lang='lat' dir='ltr'>in</span> <span class='ocrx_word' id='word_1_186' title='bbox 872 2416 935 2454; x_wconf 82' lang='lat' dir='ltr'>arae</span> <span class='ocrx_word' id='word_1_187' title='bbox 944 2422 953 2465; x_wconf 90' lang='lat'>;</span> 
     </span>
     <span class='ocr_line' id='line_1_29' title="bbox 229 2479 1063 2553; baseline 0.002 -17"><span class='ocrx_word' id='word_1_188' title='bbox 229 2481 359 2553; x_wconf 72' lang='lat' dir='ltr'>Cisraque</span> <span class='ocrx_word' id='word_1_189' title='bbox 378 2480 414 2536; x_wconf 84' lang='lat' dir='ltr'>ad</span> <span class='ocrx_word' id='word_1_190' title='bbox 430 2479 570 2536; x_wconf 81' lang='lat' dir='ltr'>haeradem</span> <span class='ocrx_word' id='word_1_191' title='bbox 588 2479 779 2536; x_wconf 88' lang='lat' dir='ltr'>Laomedonta</span> <span class='ocrx_word' id='word_1_192' title='bbox 795 2481 883 2538; x_wconf 86' lang='lat' dir='ltr'>venit.</span> <span class='ocrx_word' id='word_1_193' title='bbox 998 2485 1063 2538; x_wconf 79' lang='lat'>430</span> 
     </span>
     <span class='ocr_line' id='line_1_30' title="bbox 195 2562 941 2636; baseline 0 -17"><span class='ocrx_word' id='word_1_194' title='bbox 195 2562 254 2619; x_wconf 85' lang='lat' dir='ltr'>Sub</span> <span class='ocrx_word' id='word_1_195' title='bbox 272 2563 385 2620; x_wconf 88' lang='lat' dir='ltr'>Priamo</span> <span class='ocrx_word' id='word_1_196' title='bbox 404 2569 513 2618; x_wconf 79' lang='lat' dir='ltr'>serrata</span> <span class='ocrx_word' id='word_1_197' title='bbox 529 2580 638 2634; x_wconf 87' lang='lat' dir='ltr'>parum.</span> <span class='ocrx_word' id='word_1_198' title='bbox 677 2563 723 2618; x_wconf 81' lang='lat' dir='ltr'>Sic</span> <span class='ocrx_word' id='word_1_199' title='bbox 741 2565 803 2636; x_wconf 87' lang='lat' dir='ltr'>ipsa</span> <span class='ocrx_word' id='word_1_200' title='bbox 819 2563 941 2628; x_wconf 84' lang='lat' dir='ltr'>volebas,</span> 
     </span>
     <span class='ocr_line' id='line_1_31' title="bbox 229 2644 839 2717; baseline 0.002 -18"><span class='ocrx_word' id='word_1_201' title='bbox 229 2644 274 2700; x_wconf 82' lang='lat' dir='ltr'>Ex</span> <span class='ocrx_word' id='word_1_202' title='bbox 292 2663 348 2717; x_wconf 90' lang='lat' dir='ltr'>quo</span> <span class='ocrx_word' id='word_1_203' title='bbox 363 2646 469 2717; x_wconf 77' lang='lat' dir='ltr'>judicio</span> <span class='ocrx_word' id='word_1_204' title='bbox 488 2644 579 2700; x_wconf 82' lang='lat' dir='ltr'>forma</span> <span class='ocrx_word' id='word_1_205' title='bbox 595 2645 702 2702; x_wconf 79' lang='lat' dir='ltr'>seriata</span> <span class='ocrx_word' id='word_1_206' title='bbox 719 2651 769 2700; x_wconf 83' lang='lat' dir='ltr'>tua</span> <span class='ocrx_word' id='word_1_207' title='bbox 787 2651 839 2702; x_wconf 87' lang='lat' dir='ltr'>est.</span> 
     </span>
     <span class='ocr_line' id='line_1_32' title="bbox 194 2727 898 2799; baseline -0.001 -15"><span class='ocrx_word' id='word_1_208' title='bbox 194 2727 251 2784; x_wconf 81' lang='lat' dir='ltr'>Seu</span> <span class='ocrx_word' id='word_1_209' title='bbox 269 2747 357 2798; x_wconf 83' lang='lat' dir='ltr'>genus</span> <span class='ocrx_word' id='word_1_210' title='bbox 375 2728 500 2792; x_wconf 84' lang='lat' dir='ltr'>Adrasti,</span> <span class='ocrx_word' id='word_1_211' title='bbox 519 2747 570 2784; x_wconf 88' lang='lat' dir='ltr'>seu</span> <span class='ocrx_word' id='word_1_212' title='bbox 587 2727 670 2784; x_wconf 84' lang='lat' dir='ltr'>furtis</span> <span class='ocrx_word' id='word_1_213' title='bbox 689 2733 772 2799; x_wconf 90' lang='lat' dir='ltr'>aptus</span> <span class='ocrx_word' id='word_1_214' title='bbox 790 2727 898 2791; x_wconf 84' lang='lat' dir='ltr'>Ulixes.</span> 
     </span>
     <span class='ocr_line' id='line_1_33' title="bbox 229 2809 777 2882; baseline 0.005 -18"><span class='ocrx_word' id='word_1_215' title='bbox 229 2809 288 2864; x_wconf 80' lang='lat' dir='ltr'>Seu</span> <span class='ocrx_word' id='word_1_216' title='bbox 303 2810 366 2880; x_wconf 87' lang='lat' dir='ltr'>pius</span> <span class='ocrx_word' id='word_1_217' title='bbox 384 2809 499 2875; x_wconf 84' lang='lat' dir='ltr'>AEueas,</span> <span class='ocrx_word' id='word_1_218' title='bbox 519 2811 655 2882; x_wconf 86' lang='lat' dir='ltr'>eripuisse</span> <span class='ocrx_word' id='word_1_219' title='bbox 674 2810 777 2875; x_wconf 61' lang='lat' dir='ltr'>datum</span> 
     </span>
     <span class='ocr_line' id='line_1_34' title="bbox 192 2892 1122 2979; baseline 0.005 -33"><span class='ocrx_word' id='word_1_220' title='bbox 192 2892 300 2947; x_wconf 76' lang='lat' dir='ltr'>Auctor</span> <span class='ocrx_word' id='word_1_221' title='bbox 318 2892 348 2946; x_wconf 93' lang='lat' dir='ltr'>in</span> <span class='ocrx_word' id='word_1_222' title='bbox 365 2892 489 2948; x_wconf 82' lang='lat' dir='ltr'>inserto:</span> <span class='ocrx_word' id='word_1_223' title='bbox 508 2911 554 2948; x_wconf 87' lang='lat' dir='ltr'>res</span> <span class='ocrx_word' id='word_1_224' title='bbox 572 2900 617 2949; x_wconf 88' lang='lat' dir='ltr'>est</span> <span class='ocrx_word' id='word_1_225' title='bbox 635 2893 765 2950; x_wconf 83' lang='lat' dir='ltr'>Romana</span> <span class='ocrx_word' id='word_1_226' title='bbox 774 2917 782 2958; x_wconf 88' lang='lat'>;</span> <span class='ocrx_word' id='word_1_227' title='bbox 802 2896 900 2948; x_wconf 84' lang='lat' dir='ltr'>tuetur</span> <span class='ocrx_word' id='word_1_228' title='bbox 1000 2897 1070 2951; x_wconf 79' lang='lat'>435</span> <span class='ocrx_word' id='word_1_229' title='bbox 1109 2915 1122 2979; x_wconf 49' lang='lat'>4</span> 
     </span>
     <span class='ocr_line' id='line_1_35' title="bbox 226 2973 951 3046; baseline 0.003 -18"><span class='ocrx_word' id='word_1_230' title='bbox 226 2973 324 3038; x_wconf 89' lang='lat' dir='ltr'>Vesta,</span> <span class='ocrx_word' id='word_1_231' title='bbox 343 2975 420 3046; x_wconf 91' lang='lat' dir='ltr'>quod</span> <span class='ocrx_word' id='word_1_232' title='bbox 437 2975 549 3032; x_wconf 84' lang='lat' dir='ltr'>assiduo</span> <span class='ocrx_word' id='word_1_233' title='bbox 567 2975 673 3032; x_wconf 88' lang='lat' dir='ltr'>lumine</span> <span class='ocrx_word' id='word_1_234' title='bbox 692 2981 793 3032; x_wconf 84' lang='lat' dir='ltr'>ounots</span> <span class='ocrx_word' id='word_1_235' title='bbox 810 2975 896 3030; x_wconf 84' lang='lat' dir='ltr'>videt.</span> <span class='ocrx_word' id='word_1_236' title='bbox 945 2997 951 3014; x_wconf 64' lang='lat'>⁸</span> 
     </span>
     <span class='ocr_line' id='line_1_36' title="bbox 191 3055 1010 3131; baseline 0.007 -23"><span class='ocrx_word' id='word_1_237' title='bbox 191 3055 260 3109; x_wconf 90' lang='lat' dir='ltr'>Heu</span> <span class='ocrx_word' id='word_1_238' title='bbox 277 3062 414 3125; x_wconf 85' lang='lat' dir='ltr'>quantum</span> <span class='ocrx_word' id='word_1_239' title='bbox 430 3058 550 3114; x_wconf 82' lang='lat' dir='ltr'>timuero</span> <span class='ocrx_word' id='word_1_240' title='bbox 567 3065 671 3130; x_wconf 83' lang='lat' dir='ltr'>patres,</span> <span class='ocrx_word' id='word_1_241' title='bbox 690 3077 747 3131; x_wconf 90' lang='lat' dir='ltr'>quo</span> <span class='ocrx_word' id='word_1_242' title='bbox 764 3064 892 3129; x_wconf 84' lang='lat' dir='ltr'>tompore</span> <span class='ocrx_word' id='word_1_243' title='bbox 910 3056 1010 3114; x_wconf 72' lang='lat' dir='ltr'>Vesta</span> 
     </span>
     <span class='ocr_line' id='line_1_37' title="bbox 226 3136 845 3212; baseline 0.011 -25"><span class='ocrx_word' id='word_1_244' title='bbox 226 3136 313 3196; x_wconf 84' lang='lat' dir='ltr'>Arsit,</span> <span class='ocrx_word' id='word_1_245' title='bbox 333 3141 423 3192; x_wconf 82' lang='lat' dir='ltr'>otest</span> <span class='ocrx_word' id='word_1_246' title='bbox 441 3139 534 3208; x_wconf 85' lang='lat' dir='ltr'>adytis</span> <span class='ocrx_word' id='word_1_247' title='bbox 552 3140 655 3196; x_wconf 83' lang='lat' dir='ltr'>obruta</span> <span class='ocrx_word' id='word_1_248' title='bbox 672 3159 752 3212; x_wconf 72' lang='lat' dir='ltr'>pene</span> <span class='ocrx_word' id='word_1_249' title='bbox 771 3142 845 3196; x_wconf 87' lang='lat' dir='ltr'>suisl</span> 
     </span>
     <span class='ocr_line' id='line_1_38' title="bbox 191 3213 872 3294; baseline 0.022 -30"><span class='ocrx_word' id='word_1_250' title='bbox 191 3213 362 3280; x_wconf 80' lang='lat' dir='ltr'>Flagrabant</span> <span class='ocrx_word' id='word_1_251' title='bbox 380 3220 470 3272; x_wconf 82' lang='lat' dir='ltr'>saneti</span> <span class='ocrx_word' id='word_1_252' title='bbox 488 3220 631 3276; x_wconf 84' lang='lat' dir='ltr'>soaleratis</span> <span class='ocrx_word' id='word_1_253' title='bbox 648 3222 762 3293; x_wconf 81' lang='lat' dir='ltr'>ignibus</span> <span class='ocrx_word' id='word_1_254' title='bbox 781 3223 872 3294; x_wconf 77' lang='lat' dir='ltr'>ignes,</span> 
     </span>
     <span class='ocr_line' id='line_1_39' title="bbox 225 3291 1073 3377; baseline 0.019 -31"><span class='ocrx_word' id='word_1_255' title='bbox 225 3291 373 3362; x_wconf 83' lang='lat' dir='ltr'>Mixtaque</span> <span class='ocrx_word' id='word_1_256' title='bbox 391 3302 451 3350; x_wconf 85' lang='lat' dir='ltr'>erat</span> <span class='ocrx_word' id='word_1_257' title='bbox 469 3297 586 3356; x_wconf 73' lang='lat' dir='ltr'>flammis</span> <span class='ocrx_word' id='word_1_258' title='bbox 605 3300 719 3358; x_wconf 81' lang='lat' dir='ltr'>flamma</span> <span class='ocrx_word' id='word_1_259' title='bbox 735 3305 858 3376; x_wconf 83' lang='lat' dir='ltr'>prolana</span> <span class='ocrx_word' id='word_1_260' title='bbox 873 3304 938 3377; x_wconf 70' lang='lat' dir='ltr'>piar.</span> <span class='ocrx_word' id='word_1_261' title='bbox 1004 3309 1073 3362; x_wconf 75' lang='lat'>440</span> 
     </span>
    </p>
   </div>
   <div class='ocr_carea' id='block_1_3' title="bbox 0 0 1139 3704">
    <p class='ocr_par' dir='ltr' id='par_1_3' title="bbox 0 0 1139 3704">
     <span class='ocr_line' id='line_1_40' title="bbox 0 0 1139 3704; baseline 0 0"><span class='ocrx_word' id='word_1_262' title='bbox 0 0 1139 3704; x_wconf 95' lang='lat' dir='ltr'> </span> 
     </span>
    </p>
   </div>
  </div>
 </body>
</html>
