2250 3704
198 69 235 122 eo
431 65 465 122 r.
485 65 624 122 ovrnn
642 66 819 124 nisurus
992 75 1086 146 [Lm

198 208 254 264 Ter
271 208 331 264 sine
348 214 484 282 perpetuo
503 207 603 264 coelum
620 216 749 266 versetur
767 211 797 266 in
815 231 882 278 axe;

234 291 289 347 Ter
303 292 405 363 jungat
422 291 514 356 Titan,
533 297 634 364 terque
652 293 774 349 resolvat
792 313 898 366 equos;
1028 305 1085 361 180

197 372 331 430 Protinus
348 372 450 428 inflexo
468 373 636 446 Berecyntia
653 375 723 431 tibia
741 394 828 431 cornu

233 455 337 519 Flabit,
355 461 384 511 et
401 455 484 511 Idaeae
502 455 574 512 festa
591 456 720 513 Parentis
739 465 830 514 arunt.

197 537 288 594 Ibunt
305 539 472 602 semimares,
492 544 521 594 et
538 538 632 594 inania
649 545 784 612 tympana
800 543 933 609 tundent,

233 623 359 695 AEraquc
376 623 495 678 tinnitus
514 643 567 679 oere
585 625 697 696 repulsa
715 626 830 682 dabunt.

198 705 266 778 Ipsa
284 706 382 761 sedens
400 705 478 760 molli
495 706 627 761 comitum
646 707 752 763 cervice
770 709 875 764 feretur
1021 720 1080 775 185
1108 696 1119 712 ⁸

233 788 320 845 Urbis
338 807 389 860 per
404 788 511 844 medias
529 789 671 844 exululata
687 790 755 845 vias.

200 870 290 927 Scene
306 875 395 934 sonat,
414 870 527 941 ludique
545 877 654 926 vocant.
692 871 831 944 Spectata,
850 872 1007 946 Quirites3

233 952 274 1008 Et
292 954 353 1008 fora
370 952 465 1008 Marte
484 971 534 1008 suo
552 953 674 1025 litigiosa
690 961 799 1011 vacent.

198 1036 331 1104 Quaerere
348 1035 437 1090 multe
453 1035 537 1092 libet:
558 1037 608 1091 sed
624 1055 669 1092 me
688 1055 772 1093 sonus
791 1037 851 1093 aris
869 1037 948 1094 acuti

233 1117 340 1182 Terret,
360 1123 389 1173 et
406 1117 545 1174 horrendo
561 1118 634 1174 lotos
652 1120 761 1176 adunca
779 1138 854 1175 sono.
1016 1131 1076 1184 190

196 1199 251 1266 Da,
272 1201 331 1264 dea,
351 1218 420 1271 quas
439 1200 530 1265 seiten
550 1201 655 1265 doctas,
675 1201 817 1274 Cybeleia,
835 1207 943 1273 neptes.

232 1283 337 1346 Audin
357 1289 386 1338 et
403 1282 454 1337 has
473 1302 544 1338 curae
559 1284 645 1355 jussit
662 1285 760 1340 adesse
777 1303 853 1340 meae.

198 1366 318 1423 Pandite
335 1365 461 1420 mandati
477 1383 622 1430 memores,
642 1365 787 1423 Heliconis
806 1367 930 1431 alumnae,

233 1448 362 1504 Gaudeat
380 1448 492 1502 assiduo
510 1466 559 1502 cur
577 1448 630 1504 dea
646 1467 748 1520 magna
766 1467 842 1504 sono.

199 1529 246 1585 Sic
263 1548 332 1601 egc;
352 1529 390 1584 sic
408 1528 513 1585 Erato:
538 1530 646 1586 Mensis
665 1531 832 1602 Cythereius
849 1530 890 1585 illi
1010 1539 1068 1594 195

233 1611 332 1675 Cessit,
351 1612 427 1682 quod
443 1611 533 1666 teneri
550 1629 653 1667 nomen
670 1610 782 1667 Amoris
800 1611 893 1667 habet.

197 1693 320 1750 Reddite
338 1693 459 1748 Saturno
477 1711 536 1748 sors
553 1694 613 1749 haec
631 1699 706 1748 erat:
727 1694 840 1766 Optime
857 1712 969 1766 regum,

233 1776 261 1831 A
278 1781 344 1831 nato
362 1777 478 1848 sceptris
497 1776 635 1832 excutiere
653 1776 719 1832 tuis.

198 1857 252 1913 Ille
270 1876 349 1913 suam
366 1864 502 1923 metuens,
522 1864 555 1913 ut
572 1877 689 1930 quaque
708 1864 769 1914 erat
786 1858 870 1922 edita,
887 1858 1001 1932 prolem

233 1937 366 2004 Deserat,
385 1940 542 1995 immersam
558 1939 767 2011 visceribusque
785 1946 871 1995 tenet.
1001 1945 1065 2002 200
1123 1939 1124 1980 l

199 2020 278 2093 Sapo
296 2021 377 2078 Rhea
394 2029 494 2093 questa
511 2027 555 2078 est
572 2022 655 2077 toties
674 2022 802 2086 fecunda,
821 2041 873 2078 nec
890 2040 1022 2094 unquam

233 2104 345 2169 Mater;
364 2109 394 2160 et
410 2104 531 2160 indoluit
548 2103 693 2160 fertilitate
711 2123 770 2160 sua
1122 2085 1123 2133 l

197 2186 311 2259 Jupiter
328 2192 406 2242 ortus
424 2193 492 2243 erat.
529 2186 586 2242 Pro
603 2205 704 2258 magno
722 2193 795 2243 teste
812 2191 936 2242 vetustas

234 2267 373 2324 Creditur.
409 2268 561 2341 Acceptum
577 2287 661 2340 parce
678 2287 790 2325 movere
807 2269 899 2325 fidem.

198 2348 286 2406 Veste
303 2350 393 2406 latens
412 2369 509 2406 aarum
527 2351 633 2406 coelesti
649 2350 754 2407 viscere
772 2351 853 2406 aedit.
1001 2355 1062 2411 205
1120 2409 1121 2436 y

234 2432 281 2488 Sic
299 2433 409 2504 genitor
426 2432 491 2488 fatis
510 2433 689 2505 decipiendus
708 2438 777 2488 erat.

197 2515 296 2570 Ardua
310 2515 476 2588 jamdudum
493 2521 606 2570 resonat
624 2515 772 2571 tinnitibus
790 2513 851 2578 Ide.

234 2597 324 2652 Tutus
341 2603 375 2652 ut
391 2596 494 2652 infanti
510 2597 604 2668 regist
622 2615 670 2652 ore
687 2615 766 2668 puer.

198 2678 268 2734 Para
287 2679 398 2752 clypeos
417 2679 543 2742 rudibus,
561 2679 653 2751 galeas
670 2698 734 2751 pars
752 2678 846 2734 tundit
863 2678 982 2734 inanes:
1118 2715 1119 2743 y

234 2759 299 2816 Hoc
316 2761 433 2817 Curetes
451 2761 564 2826 habent,
583 2761 636 2816 hoc
654 2760 828 2832 Corybantes
846 2778 924 2832 opus.
1002 2763 1065 2818 210

197 2841 255 2897 Res
273 2842 356 2897 latuit
373 2849 496 2914 patrem:
512 2843 651 2915 priscique
669 2843 825 2898 imitamina
841 2841 909 2896 facti
1117 2851 1118 2898 l

234 2923 305 2978 AEra
322 2924 380 2979 dea
398 2926 512 2980 comites
528 2943 667 2996 raucaque
686 2931 765 2997 terga
782 2929 904 2980 movent.
1100 2909 1117 2936 ¹

200 3005 335 3077 Cymbala
352 3024 403 3077 pro
421 3007 516 3078 galeis,
534 3025 587 3079 pro
605 3007 691 3062 scutis
709 3013 843 3078 tympana
860 3005 994 3076 pulsant:

235 3087 316 3138 Tibia
333 3087 381 3139 dat
399 3087 546 3158 Phrygios,
562 3095 596 3144 ut
613 3089 691 3144 dedit
710 3095 783 3152 ante,
803 3087 908 3144 modos.

201 3162 338 3216 Desierat.
375 3165 468 3235 Ccepi.
489 3168 547 3222 Cur
563 3170 628 3224 huic
646 3189 735 3240 genus
754 3189 816 3224 acre
833 3170 928 3224 leones
1004 3173 1063 3226 215
1115 3163 1116 3201 l

234 3238 365 3294 Prabent
381 3243 506 3299 insolitas
525 3249 587 3302 ad'
574 3267 645 3320 Juga
663 3268 749 3306 curva
762 3250 866 3322 jubas?
1114 3259 1115 3270 ¹
