2252 3706
197 68 232 124 ee
428 65 621 123 P.0V1D11
638 65 817 122 uisurus
971 64 1053 138 [ua.

198 212 257 269 Ora
274 229 358 284 super
374 217 468 284 postes
486 211 620 283 affixaque
637 210 752 268 brachie
767 211 900 285 pendent,

235 293 422 367 Squalideque
439 294 568 350 humanis
585 294 694 350 ossibus
712 293 789 350 albet
805 295 916 350 humus.
1108 347 1109 364 ,

199 376 315 433 Servate
331 378 403 433 male
420 383 500 449 perte
517 376 604 433 boum
621 377 693 432 Jove
710 382 794 432 natus
812 377 923 434 abibas:
1108 375 1109 456 i

233 459 379 530 Mugitum
396 478 480 514 rauco
497 459 575 514 furta
592 459 694 516 dedere
713 478 790 515 sono.
1002 461 1060 515 560
1108 457 1109 484 l

198 541 313 614 Accipio
329 559 501 606 revocamen,
521 543 576 607 ait;
598 561 750 614 vocemque
769 547 880 598 secutus

234 624 327 697 Impia
343 644 394 697 per
412 625 504 697 sylvas
521 625 598 680 ultor
615 625 651 681 cd
669 631 751 680 antra
767 626 854 682 venit.

198 706 253 762 lile
272 707 378 763 editum
395 707 478 762 fracti
495 712 693 778 prostrauerat
710 707 800 779 objice
818 707 935 762 montisc

233 789 292 845 Vix
306 791 376 862 juga
393 790 544 846 movissent
562 790 684 861 quinque
701 790 744 845 bis
762 791 833 845 illud
851 809 930 863 opus.

198 872 229 928 N
229 872 310 928 ititur
320 873 365 928 hic
377 872 508 937 humeris,
519 872 629 942 (coelum
641 891 751 944 quoque
764 873 873 928 sederat
884 873 960 941 illia)
1002 876 1063 930 565

234 955 275 1011 Et
290 961 401 1011 vastum
419 960 497 1010 motu
515 955 707 1011 collabefactat
724 974 804 1011 onus.

200 1037 284 1106 Quod
302 1038 385 1092 simul
401 1038 528 1092 evulsum
539 1044 590 1102 est,
603 1037 698 1110 fragor
716 1039 820 1094 oetbera
836 1039 938 1094 terruit
949 1039 1062 1112 ipsum,

234 1119 351 1192 Ictaque
369 1120 495 1175 subsedit
511 1121 634 1192 pondere
651 1121 732 1176 molis
750 1121 861 1176 humus.

199 1202 295 1258 Prima
310 1208 404 1258 movet
422 1202 511 1258 Cacus
530 1203 629 1257 collata
645 1203 741 1274 praelio
759 1203 864 1268 dextra

234 1284 362 1356 Itemque
379 1284 458 1340 ferox
475 1284 547 1339 saxis
565 1283 764 1356 stipitibusque
781 1286 862 1356 gerit.
1008 1289 1065 1346 570

200 1368 271 1436 Quis
288 1369 338 1424 ubi
355 1369 395 1423 nil
413 1369 513 1440 agitur,
532 1367 636 1439 patriae
654 1368 726 1423 mele
744 1367 823 1423 fortis
842 1368 879 1424 ad
895 1373 973 1426 ortes

236 1449 376 1522 Confligit,
396 1456 425 1505 et
442 1449 565 1505 flammas
584 1467 632 1504 ore
651 1456 767 1506 sonante
784 1451 879 1506 vomit.

201 1530 277 1600 Quas
296 1531 404 1602 quoties
421 1530 530 1602 proflat,
549 1531 654 1604 spirare
671 1531 805 1604 Typhoea
822 1532 926 1599 credes,

234 1614 275 1670 Et
291 1615 420 1686 rapidum
436 1613 548 1669 AEtnaeo
564 1614 659 1688 bulgar
676 1616 711 1670 ab
728 1615 794 1686 igne
809 1617 873 1686 jaci.
1108 1653 1109 1686 3

200 1701 326 1774 Occupat
342 1701 471 1756 Alcides:
491 1699 665 1772 adductaque
683 1701 760 1756 clava
777 1702 894 1758 trinodis
1008 1705 1063 1762 575

235 1784 291 1839 Ter
309 1789 408 1857 quater
424 1783 533 1839 adversi
551 1783 624 1838 sedit
641 1784 671 1838 in
689 1801 737 1840 oro
754 1785 815 1839 viri.

199 1865 254 1922 llle
272 1866 354 1931 cadit,
372 1866 528 1938 mixtosque
545 1867 634 1922 vomit
651 1885 715 1922 cum
733 1867 867 1939 sauguine
884 1865 993 1934 fumos,

235 1948 275 2004 Et
292 1948 349 2003 lato
366 1949 487 2004 moriens
504 1955 616 2021 pectore
633 1949 742 2022 plangit
759 1950 884 2004 humum.
1108 1945 1109 1952 ’

199 2031 331 2087 Immolet
349 2049 383 2087 ex
400 2031 454 2086 illis
471 2037 583 2086 taurum
600 2032 660 2096 tibi,
680 2031 801 2104 Jupiter,
820 2051 909 2087 unum

234 2113 341 2178 Victor,
361 2119 390 2170 et
406 2114 570 2170 Evandrum
586 2114 776 2186 ruricolasque
792 2121 883 2171 vocat.
1007 2121 1068 2176 580

201 2195 408 2267 constituitque
426 2197 487 2259 sibi,
507 2216 568 2268 que
586 2197 712 2253 Maxima
730 2197 839 2261 dicitur,
858 2215 943 2263 aram,

235 2277 292 2334 Hic
309 2278 359 2333 ubi
375 2295 439 2349 pars
456 2279 533 2334 urbis
552 2280 586 2334 de
604 2279 675 2334 bove
693 2297 794 2335 nomen
811 2279 904 2336 habet.

198 2361 229 2418 N
230 2379 261 2417 ec
278 2365 352 2416 tecet
369 2360 495 2416 Evandri
511 2367 609 2426 mater,
627 2381 714 2434 prope
732 2357 842 2435 tempus
860 2363 970 2428 edesse,

235 2443 359 2500 Hercule
377 2462 432 2515 quo
449 2444 533 2500 tellus
551 2444 588 2499 sit
605 2445 673 2500 satis
690 2463 742 2500 usa
760 2463 819 2502 suo.

198 2527 239 2582 At
256 2526 323 2582 felix
338 2532 425 2591 vates,
444 2532 478 2582 ut
495 2527 538 2582 dis
556 2527 714 2598 gratissima
730 2528 809 2592 vixit,
1006 2535 1068 2592 585

232 2608 361 2666 Possidet
378 2610 452 2665 hunc
469 2608 491 2664 J
491 2609 537 2664 ani
555 2609 593 2664 sio
611 2610 664 2666 dea
680 2629 776 2666 mense
794 2611 877 2667 diem.

197 2767 297 2825 Idibus
314 2769 344 2824 in
361 2770 455 2842 magni
473 2775 564 2825 castus
582 2769 662 2826 Jovis
679 2770 738 2826 tede
756 2769 884 2826 sacerdos

234 2851 393 2908 Semimaris
410 2851 527 2908 fiammis
544 2853 651 2909 viscere
666 2854 737 2908 libat
754 2854 831 2910 ovis:

196 2933 373 3006 Redditaque
391 2941 434 2990 est
451 2936 540 2990 omnis
557 2936 661 3008 populo
677 2937 820 3010 provincie
836 2941 948 2992 nostro:

231 3017 272 3074 Et
289 3021 354 3073 tuus
371 3017 501 3090 Augusto
517 3020 629 3075 nomine
646 3019 737 3076 dictus
754 3037 832 3075 avus.
1008 3028 1073 3086 590

196 3099 312 3170 Perlege
331 3100 477 3171 dispositas
495 3119 630 3172 generose
646 3121 698 3173 per
715 3103 786 3157 atria
803 3121 879 3158 ceras
888 3125 896 3167 ;
1108 3113 1109 3120 ’

202 3183 206 3188 “
232 3181 417 3253 Contigerunt
433 3182 504 3237 nulli
519 3184 634 3240 nomina
649 3189 729 3240 tanta
745 3185 814 3240 viro.
