2250 3704
85 121 146 192 rr]
443 119 569 176 reem.
875 120 927 177 rer

84 265 179 320 Vivere
197 264 352 320 debuerant
370 268 399 319 ct
416 264 460 319 vir
476 283 564 329 meus,
584 269 613 320 et
630 269 681 320 tua
698 267 809 338 conjux,

117 348 146 403 Si
161 349 269 403 nullum
287 347 382 402 ausuri
399 349 490 419 majus
508 366 618 403 eramus
636 366 714 420 opus.

84 431 119 486 Et
137 437 217 503 caput
235 436 264 487 et
280 448 399 502 regnum
417 430 489 485 facio
507 430 600 486 dotale
616 432 750 503 parantis.

117 513 145 568 Si
161 515 204 568 rir
221 533 260 578 es,
278 514 297 577 i,
317 513 405 569 dictas
424 513 504 584 exige
522 512 596 568 dotis
614 515 697 586 opes!

82 595 226 666 Begia.res
244 594 333 651 scelus
350 600 402 650 est.
440 594 541 650 Socero
559 614 626 667 cape
643 615 731 667 regna
748 601 854 661 necato,
874 599 927 652 595

7 717 8 720 η
114 679 152 734 Et
167 685 276 734 nostras
294 678 386 750 patrio
404 678 538 749 sangnine
556 679 634 750 tinge
652 697 760 734 manus.

83 761 188 818 Talibus
205 762 353 817 instinctus
372 761 441 816 solio
458 761 584 832 privatus
602 761 632 816 in
651 761 708 816 alto

115 843 237 900 Sederat.
273 843 435 898 Attonitum
452 843 552 912 vulgus
571 843 608 899 ad
625 863 702 900 arma
718 845 785 900 ruit

81 927 153 983 Hinc
170 945 259 992 cruor,
277 927 343 982 binc
361 927 464 982 cades:
484 927 649 998 infirmaque
667 928 790 983 vincitur
807 932 881 982 aetas.

111 1011 224 1081 Sceptra
241 1029 327 1082 gener
344 1027 439 1065 socero
456 1015 538 1081 rapta
556 1011 700 1081 Superbus
718 1011 812 1065 babet.
867 1013 922 1065 600

80 1094 146 1166 lpse
164 1093 216 1148 sub
233 1093 379 1165 Esquiliis,
397 1093 447 1148 ubi
465 1097 527 1148 erat
544 1110 595 1147 aua
612 1093 698 1162 regie,
718 1111 803 1148 casus

113 1175 241 1231 Concidit
258 1176 288 1229 in
306 1175 377 1230 dura
394 1174 624 1246 sanguinolentus
641 1174 737 1230 humo.

78 1259 157 1323 Filia,
177 1263 309 1330 carpento
326 1257 431 1330 patrios
449 1257 554 1312 initura
571 1263 696 1329 penates,

112 1341 178 1396 Ibat
194 1359 246 1413 per
263 1341 368 1396 medias
387 1340 444 1395 alta
461 1339 594 1410 feroxque
611 1340 680 1394 vias.

6 1447 7 1452 ¹
78 1425 184 1496 Corpus
202 1429 236 1479 ut
253 1423 389 1494 adspexit,
407 1421 537 1494 lacrymis
557 1421 654 1494 auriga
670 1420 792 1493 profusis
875 1424 929 1477 606

112 1506 237 1562 Restitit.
275 1505 362 1561 Hune
379 1505 430 1560 tali
448 1505 563 1577 corripit
580 1505 628 1560 illa
646 1522 729 1560 sono:

77 1588 185 1644 Vadis?
204 1607 239 1644 aa
257 1594 399 1660 exspectas
417 1588 540 1659 pretium
557 1587 670 1659 pietatis
688 1587 834 1642 amarum?

112 1671 184 1735 Duc,
203 1672 326 1742 inquam,
345 1671 447 1726 invitas
467 1671 595 1742 ipseper
613 1674 766 1724 orarotas.

77 1755 162 1810 Certa
179 1754 248 1809 fidas
268 1753 351 1810 facti:
371 1753 462 1808 dictm
482 1751 639 1808 Sceleratus
658 1751 693 1806 ab
710 1751 759 1806 illa

111 1837 208 1900 Vicus,
227 1843 256 1893 et
274 1843 377 1892 aeterna
394 1855 439 1892 res
457 1853 605 1906 supressa
622 1839 698 1889 nota.
876 1837 931 1889 610

75 1917 146 1974 Post
156 1925 251 1974 tamen
259 1919 312 1974 hoc
324 1938 391 1974 ausa
400 1925 443 1975 est
454 1918 599 1991 templum,
607 1919 929 1988 monumentaparentis‚

6 2031 7 2034 ¹
110 2001 253 2073 Tangere:
272 2003 343 2056 mira
360 2001 482 2073 quidem,
502 2001 553 2056 sed
569 2005 665 2056 tamen
683 2006 746 2055 acta
762 1999 869 2072 loquar.

6 2091 7 2136 l
75 2083 195 2157 Signum
214 2089 274 2138 erat
291 2085 322 2138 in
340 2084 408 2138 solio
425 2083 551 2138 residens
570 2083 622 2138 sub
640 2083 761 2154 imagine
780 2083 869 2138 Tulli:

111 2165 224 2222 Dicitur
240 2166 294 2221 hoc
312 2165 399 2219 oculis
417 2165 579 2234 opposuisse
596 2183 721 2221 manum.

71 2249 114 2304 Et
132 2267 187 2304 vox
205 2247 302 2304 audita
319 2250 370 2309 est,
390 2244 495 2299 Vultus
513 2246 675 2301 abscondite
692 2253 811 2313 nostros,
876 2249 928 2302 615

109 2331 158 2387 Ne
176 2336 248 2387 nata
265 2327 381 2384 videant
398 2344 447 2381 ora
465 2326 586 2381 nefanda
603 2346 681 2382 mcae.

70 2413 164 2470 Veste
183 2413 249 2468 data
266 2410 388 2482 tegitur;
406 2413 485 2464 vetat
501 2407 574 2464 hanc
592 2407 720 2464 Fortuna
737 2411 860 2475 moreri3

6 2513 7 2526 ¹
107 2495 151 2551 Et
170 2483 243 2550 sic'e
261 2492 368 2565 templo
386 2497 429 2547 est
446 2492 507 2563 ipsa
523 2491 618 2546 locuta
636 2509 704 2545 suo:

6 2551 7 2636 l
70 2579 133 2634 Orc
152 2576 276 2632 revelato
294 2593 351 2646 qua
367 2575 487 2646 primum
505 2573 567 2629 luca
584 2573 693 2645 patebit

6 2687 8 2768 l

6 2947 28 2999 5

109 2660 235 2722 Servius,
253 2657 312 2714 hac
329 2658 414 2730 positi
431 2658 522 2729 prima
539 2656 654 2728 pudoris
674 2656 738 2711 erit.
878 2659 933 2713 620

68 2742 198 2805 Parcite,
216 2745 359 2804 matronae,
377 2739 480 2796 vetites
498 2741 637 2810 attingere
655 2744 763 2794 vestes:

109 2823 239 2880 Sollenni
257 2823 325 2878 satis
343 2828 386 2878 est
403 2839 471 2877 voce
488 2840 600 2878 morere
617 2839 731 2893 preces:

69 2907 177 2979 Sitque
196 2911 280 2977 caput
297 2923 407 2976 semper
423 2903 551 2959 Romano
569 2909 661 2959 tectius
680 2904 793 2968 amictu,

107 2989 172 3057 Qui
188 3006 238 3043 rex
255 2989 285 3043 in
301 2993 398 3042 nostre
415 2986 549 3059 septimus
566 2986 637 3042 urbe
654 2986 717 3042 fine.

64 3073 194 3130 Aruerat
210 3070 264 3125 hoc
280 3070 432 3143 templumz
452 3069 532 3141 signo
550 3075 645 3124 tamen
662 3069 710 3124 ille
727 3068 854 3140 pepercit
877 3070 929 3126 625

105 3154 207 3225 Ignis:
227 3171 308 3224 opem
327 3158 393 3208 nato
410 3151 552 3208 Mulciber
568 3153 627 3224 ipse
647 3152 720 3207 tulit.

62 3239 208 3308 Namque
225 3241 306 3307 pater
323 3235 399 3290 Tulli
415 3235 569 3299 Vulcanus,
590 3233 706 3291 Ocresia
726 3238 824 3300 mater,

105 3317 262 3390 Praesignis
280 3317 360 3382 facie,
380 3317 565 3374 Corniculana
582 3318 645 3374 fuit.
