2250 3704
99 123 169 194 ru]
463 123 589 180 russi.
918 127 952 180 cs

97 267 183 323 lacte
200 285 277 323 mero
295 273 403 324 veteres
421 269 465 323 usi
482 275 679 332 memorantur,
699 273 728 324 et
745 268 848 334 herbis,

133 351 240 424 Sponte
258 370 308 406 sua
326 351 350 406 si
367 371 436 424 quas
453 358 529 408 terra
546 352 663 416 ferebat,
682 352 730 406 ait.
899 351 953 410 370

98 434 241 490 Candidus
259 435 333 490 elisa
350 435 484 490 miscetur
502 453 596 491 caseus
615 435 724 499 herba3

133 517 290 589 Cognoscat
307 518 412 589 priscos
430 525 464 573 ut
481 518 534 573 dea
550 518 642 590 prisca
659 517 744 573 cibos.

96 601 215 657 Postera
231 619 294 656 cum
313 601 380 657 coelo
397 601 480 656 motis
498 601 651 656 Pallantias
671 601 753 655 astris

132 684 265 748 Fulserit,
284 689 314 739 at
329 684 424 740 niveos
442 683 524 739 Luna
539 683 641 739 levarit
658 701 761 755 equos3

97 771 153 840 Qui
174 772 255 836 dicet,
273 771 423 839 Quondam
441 775 549 826 sacrata
567 776 610 826 est
628 771 696 825 colle
715 769 828 840 Quirini
899 770 952 827 375

130 858 196 914 Hac
214 858 340 914 Fortuna
357 857 402 914 dic
419 857 551 923 Publica;
571 877 653 913 vesus
672 857 733 913 erit.

95 1012 193 1069 Tertia
209 1012 266 1076 lux,
284 1011 406 1077 memini,
425 1012 498 1068 ludis
517 1017 585 1066 erat.
622 1011 663 1066 At
679 1010 749 1066 mihi
767 1010 881 1083 quidam

134 1099 279 1172 Spectanti
296 1100 396 1164 senior,
416 1099 619 1172 contiguusqua
637 1099 707 1164 loco,

95 1182 179 1247 Haeo,
199 1183 247 1246 ait,
267 1183 315 1238 illa
333 1183 400 1247 dies,
418 1182 531 1255 Libycis
551 1201 606 1253 qua
624 1181 715 1237 Cesar
732 1180 762 1237 in
779 1181 835 1236 orie

131 1264 246 1321 Perfida
261 1267 431 1338 magnanimi
449 1265 576 1322 contudit
596 1283 672 1320 arma
689 1264 780 1320 Jubae.
829 1265 830 1270 ’
900 1266 954 1319 380

93 1347 166 1404 Dux
182 1349 254 1403 mihi
272 1348 363 1404 Caesar
382 1354 449 1412 erat,
469 1349 521 1404 sub
539 1366 595 1419 quo
613 1348 748 1403 meruisse
766 1347 896 1402 tribunus

133 1431 255 1487 Glorior.
295 1431 393 1487 Officio
409 1431 521 1504 praefirit
538 1432 585 1487 ille
603 1449 674 1486 meo.

92 1513 183 1570 Hanc
200 1531 252 1586 ego
270 1513 369 1568 militia
387 1514 488 1577 sedem,
507 1519 541 1568 tu
557 1531 626 1585 pace
643 1512 757 1585 parasti,

131 1597 214 1652 Inter
231 1597 274 1652 bis
293 1598 392 1668 quinos
410 1615 477 1652 usus
495 1596 600 1651 honore
618 1597 701 1651 viros.

91 1681 185 1738 Plura
201 1680 322 1736 locunrri
340 1680 432 1735 subito
451 1680 609 1734 seducimur
626 1679 732 1744 imbro;
900 1681 952 1734 385

131 1763 261 1819 Pendula
279 1763 402 1818 coelestes
420 1761 507 1818 Libra
523 1763 655 1818 movebat
671 1780 766 1834 aquas.

89 1848 172 1904 Ante
190 1853 292 1910 tamen,
312 1865 395 1918 quam
414 1865 522 1900 summa
540 1845 598 1900 dies
617 1846 777 1918 spectacula
795 1845 884 1910 sistat,

130 1930 247 1986 Ensifer
264 1929 352 1985 Orion
370 1947 479 2002 aequore
496 1947 603 1984 mersus
622 1929 684 1985 erit.

89 2081 229 2138 Proxima
245 2080 387 2136 victricem
407 2099 470 2136 cum
487 2080 606 2136 Romam
624 2081 777 2153 inspexerit
794 2080 860 2144 Eos,

130 2163 173 2219 Et
191 2163 300 2219 dederit
317 2163 425 2220 Phoebo
443 2163 525 2220 stella
541 2164 639 2236 fugata
656 2164 766 2228 locum;
899 2166 953 2219 390

88 2249 195 2305 Circus
214 2247 267 2302 erit
284 2264 385 2319 pompa
403 2247 511 2302 celeber
528 2265 699 2319 numeroque
719 2247 848 2302 deorum:

131 2329 282 2400 Primaque
300 2329 422 2384 ventosis
439 2330 532 2401 palma
549 2336 663 2401 petetur
681 2330 769 2401 equis.

86 2413 137 2470 Hi
157 2412 267 2468 Cereris
284 2412 359 2467 ludi:
380 2430 436 2467 non
454 2419 498 2468 est
516 2431 585 2484 opus
603 2413 693 2468 indico
712 2431 808 2468 causa.

132 2496 240 2568 Sponte
258 2495 315 2550 deae
333 2514 436 2550 munus
453 2495 692 2568 promeritumque
709 2499 796 2568 patet.

85 2580 202 2639 Messis
221 2584 300 2634 erant
317 2578 414 2651 primis
433 2579 535 2634 virides
553 2579 718 2634 mortalibus
736 2577 837 2644 herbae,
899 2579 951 2633 395

129 2663 210 2731 Quas
228 2661 311 2717 tellus
329 2661 407 2716 nullo
425 2661 590 2717 sollicitante
609 2661 702 2716 dabat.

81 2747 135 2806 Et
152 2744 237 2800 modo
255 2744 406 2816 carpebant
423 2745 512 2799 vivaci
530 2743 634 2817 cespite
652 2762 783 2816 gramen;

127 2829 218 2884 Nunc
237 2828 325 2900 epula
342 2834 441 2884 tenera
458 2827 557 2882 fronde
576 2846 708 2883 cacumen
727 2832 814 2883 erant.

81 2911 248 2973 Postmodo
258 2911 337 2984 glans
347 2917 414 2966 nata
423 2915 473 2965 est.
503 2909 581 2966 Bene
589 2917 650 2966 erat
655 2912 714 2983 jam
724 2910 825 2982 glande
832 2914 951 2981 reperta,

125 2995 267 3065 Duraque
285 2993 446 3065 magnificas
464 3012 582 3064 quercus
601 2993 723 3050 habebat
742 3011 817 3065 opes.
899 2995 953 3047 400

77 3079 194 3141 Prima
211 3075 295 3131 Ceres
312 3075 428 3140 homini,
448 3077 483 3132 ad
501 3076 617 3131 meliora
635 3076 766 3132 alimenta
782 3079 890 3139 vocate,

123 3159 259 3218 Mutavit
277 3159 392 3230 glandes
410 3159 521 3214 utiliore
540 3160 610 3214 cibo.

75 3247 146 3308 Illa
161 3245 236 3316 jugo
254 3248 349 3297 tauros
368 3242 469 3298 collum
486 3242 609 3312 praebere
628 3241 734 3312 coegit:

121 3328 205 3387 Tum
223 3325 346 3398 primum
364 3325 436 3381 soles
455 3331 536 3380 eruta
552 3324 624 3379 vidit
642 3323 752 3378 humus.
