2252 3706
281 455 424 530 LIBER
451 455 701 532 SECUNDUS.

391 679 611 692 ⁸——-———·—

68 835 163 892 Jsuus
181 835 266 893 habet
283 837 383 892 finem:
403 855 467 892 oum
485 837 607 894 carmine
625 837 725 894 oresoit
742 843 772 894 et
789 857 878 894 annus
887 862 895 904 ;

100 920 184 975 Alter
199 926 233 976 ut
249 920 315 976 hino
332 921 443 984 mensis,
462 921 503 976 sio
519 921 591 976 liber
608 921 680 977 ulter
696 926 751 977 eut.

68 1001 152 1058 Nunc
169 1003 289 1075 primum
306 1003 384 1066 velis,
404 1003 484 1074 elegi,
503 1004 655 1074 majoribus
673 1004 737 1059 itis:

100 1085 251 1157 Exiguum,
269 1085 391 1149 memini,
410 1104 500 1157 nuper
518 1087 601 1141 eratis
620 1105 699 1158 opus.

69 1166 150 1222 Certe
168 1185 220 1239 ego
237 1185 286 1222 vos
303 1167 390 1223 habui
407 1167 501 1222 faciles
519 1168 549 1222 in
567 1186 660 1223 amore
676 1169 828 1232 ministros,
900 1171 917 1222 5

102 1249 175 1305 Oum
191 1249 259 1305 lusit
276 1250 399 1305 numeris
416 1250 507 1322 prims
520 1251 639 1321 juventa
656 1251 722 1306 suis.

68 1331 148 1387 Idem
165 1351 244 1387 sacra
260 1350 336 1396 enno,
355 1333 519 1404 signatoque
536 1339 664 1404 tempora
680 1333 769 1388 fustis.

100 1414 207 1486 Ecquis
225 1415 262 1470 nd
278 1415 337 1470 haeo
354 1415 430 1470 illinc
448 1415 575 1470 crederet
592 1433 653 1470 esse
670 1415 764 1470 vitun?

67 1496 137 1552 Haec
154 1516 217 1552 men
233 1497 334 1553 militia
350 1504 408 1553 ost:
429 1497 543 1552 ferimus
561 1517 622 1569 quae
640 1516 787 1570 possumus
805 1516 897 1554 armus

101 1578 264 1650 Dextrnque
280 1597 337 1634 non
355 1580 432 1634 omni
448 1597 563 1634 munere
580 1585 678 1634 nostru
693 1585 783 1636 vaoat.
882 1582 918 1635 10

63 1661 99 1718 si
115 1661 186 1717 mihi
202 1680 259 1716 non
275 1661 367 1717 valido
384 1667 553 1733 torquentur
569 1662 627 1733 pilu
643 1661 757 1726 lacerto,

101 1743 164 1799 Neo
181 1743 322 1799 bellatoris
340 1748 420 1814 terga
436 1749 604 1814 premuntur
622 1743 704 1814 equi;

63 1825 96 1886 N
96 1845 129 1881 oo
147 1825 226 1898 galea
242 1825 372 1898 tegimur,
391 1845 443 1880 neo
461 1831 543 1881 acuto
561 1825 699 1898 cingimur
716 1844 798 1894 euse3

101 1911 158 1968 His
175 1912 275 1968 habilis
292 1913 356 1968 telis
374 1913 493 1983 quilibet
510 1931 570 1967 esse
586 1917 696 1984 potest:

62 1997 106 2052 At
123 2001 174 2051 tna
190 1996 382 2068 prosequimur
400 1995 523 2050 studioso
540 2001 661 2067 peotore,
680 1995 780 2060 Oaesar,
883 1998 916 2052 15

101 2077 233 2142 Nomina,
250 2097 302 2150 per
318 2078 416 2133 titulos
434 2078 660 2151 ingredimurque
678 2085 750 2134 tuos.

64 2159 147 2232 Ergo
165 2160 239 2225 udos,
253 2167 282 2216 et
298 2160 407 2232 placido
424 2161 538 2233 ponium
554 2181 617 2217 meu
634 2181 751 2217 munera
766 2161 848 2216 vultu

100 2243 229 2315 Ruspina,
247 2243 372 2316 pacando
390 2244 415 2298 si
432 2244 501 2315 quid
518 2245 553 2300 ab
571 2244 652 2300 hoste
669 2250 757 2299 rorat.

19 1887 21 1926 i

61 2398 178 2456 Februa
194 2397 315 2454 Romani
332 2398 427 2454 dixere
444 2399 566 2471 piamina
583 2404 692 2471 patres:

98 2481 131 2538 N
131 2500 185 2537 uno
201 2499 313 2553 quoque
330 2481 399 2537 dunt
415 2483 501 2538 verbo
518 2483 638 2555 plurima
655 2483 736 2553 signu
752 2479 845 2538 fidem.
881 2482 918 2538 20

61 2564 217 2622 Pontifices
236 2565 271 2620 nb
288 2583 355 2636 rege
372 2570 475 2636 petunt
492 2571 521 2621 et
538 2564 650 2620 flamine
668 2564 754 2629 lanus,

100 2647 173 2715 Qun
189 2647 279 2702 veteri
296 2647 393 2719 lingua
409 2647 523 2704 Februa
539 2667 641 2704 nomen
658 2652 728 2703 erat.

62 2729 195 2801 Quaeque
213 2729 288 2802 capit
304 2729 387 2785 lictor
404 2729 532 2786 domibus
549 2730 716 2802 purgamina
733 2729 825 2795 nortis,

96 2812 216 2868 Torridu
233 2831 296 2868 oum
312 2813 386 2867 mina
402 2812 484 2877 farra,
502 2820 639 2870 vocantur
656 2813 740 2869 idem.

56 2895 91 2953 N
92 2913 176 2950 omen
191 2895 267 2950 idom
283 2913 370 2959 ramo,
389 2896 446 2967 qui,
466 2914 551 2951 cousus
569 2896 604 2952 ab
623 2896 721 2951 arbore
738 2915 818 2968 pura,
880 2896 915 2952 25
967 2959 974 2970 ,

19 2949 29 3016 3
97 2977 183 3034 Castu
199 2978 375 3034 sacerdotum
391 2984 519 3050 tempora
535 2978 635 3034 fronde
651 2979 732 3050 tegit.

56 3061 129 3134 Ipse
147 3079 199 3132 ego
217 3059 398 3116 Flamininum
415 3065 577 3133 poscentem
594 3059 694 3116 februa
710 3061 784 3117 vidi:

95 3143 211 3200 Februa
226 3143 353 3216 poscenti
369 3144 454 3216 pinea
469 3143 550 3214 virga
568 3143 634 3198 datu
652 3147 703 3198 est.

55 3227 192 3298 Denique
211 3225 397 3298 quodeunque
415 3231 465 3290 est,
485 3244 540 3297 quo
557 3231 672 3298 pectora
687 3232 784 3282 nostru
798 3226 916 3300 piamun,

94 3309 162 3367 Hoc
180 3309 256 3382 apud
272 3309 398 3364 intonsos
416 3327 518 3364 nomen
535 3309 658 3365 habebat
675 3327 749 3364 nvos.
882 3312 918 3364 30
