2252 3706
108 85 183 158 111.]
468 87 593 144 sisui.
922 91 956 148 oe

109 229 216 286 Mense
233 232 404 288 osunen:
425 248 494 303 que,
513 233 639 303 quamve
656 252 742 306 parva
759 195 882 300 neunt,

144 313 211 368 Non
227 319 322 368 tamen
340 313 462 384 expediit
478 315 651 371 transiluisse
668 317 766 372 Remo.
923 316 958 374 70

108 392 130 449 J
130 412 181 460 am,
199 395 282 450 modo
300 414 357 468 qua
372 395 484 450 fuerunt
500 397 594 468 sylvae,
612 413 798 471 pecorumque
810 417 955 462 recessus,

143 477 219 532 Urbs
236 482 314 542 erat;
332 483 441 534 eternae
458 491 522 532 oum
538 485 619 550 pater
635 480 712 535 urbis
731 482 785 536 ait:

108 558 223 614 Arbiter
240 576 387 624 armorum,
407 560 442 614 de
460 561 540 631 eujus
558 562 692 632 sanguine
708 568 792 618 natus

145 639 265 706 Credon
285 647 314 696 et
330 647 364 696 ut
381 640 485 704 aeder,
503 641 624 713 pignera
638 649 715 698 oerta
732 644 832 699 dabor·

108 722 136 777 A
153 728 182 778 te
198 723 365 795 principium
382 723 508 778 Romano
527 724 654 779 ducimus
673 743 763 780 anno:
922 726 956 784 75

144 804 255 860 Primus
272 805 308 861 de
325 806 416 876 patrio
432 805 543 860 nomine
561 807 663 862 mensis
682 813 735 862 eat.

108 883 174 941 Vox
190 892 252 942 rata
268 887 311 952 fit,
328 887 475 960 patrioque
492 894 576 942 vooat
591 887 754 946 denomino
771 907 902 945 mensem.

144 967 256 1024 Dieitur
271 969 330 1024 hee
346 970 436 1041 pietas
454 975 534 1041 grata
552 969 639 1024 fuisse
655 971 716 1026 deo.

108 1049 149 1104 Et
166 1055 260 1105 tamen
278 1056 343 1107 ante
360 1069 456 1106 omnes
474 1051 598 1106 Martem
616 1052 725 1108 uoluere
742 1053 866 1124 priores;

145 1131 208 1188 Hoe
226 1132 341 1188 dederet
358 1133 458 1188 surdiis
473 1131 573 1188 belliea
589 1133 673 1188 turba
690 1135 755 1189 suis.
921 1138 957 1190 80

108 1213 223 1269 Pallada
240 1214 405 1286 Oeeropidae,
424 1215 534 1269 Minoia
551 1214 636 1269 Creta
652 1214 780 1280 Dianam,

144 1295 302 1352 Vulcanum
317 1297 401 1352 tellus
420 1296 599 1368 Hypsipylea
615 1297 681 1351 eolit
687 1319 696 1351 1:

107 1376 250 1434 Junenem
268 1378 376 1450 Sparte,
395 1378 631 1450 Pelopeiadesque
649 1377 792 1450 Myeenae:

144 1460 305 1532 Pinigerum
323 1460 413 1515 Fauni
430 1461 558 1515 Maeuiis
574 1479 625 1515 ora
642 1466 733 1532 eaput.

107 1541 188 1598 Mars
205 1542 288 1598 Iatio
303 1542 477 1599 venerandus
495 1547 564 1606 erat,
584 1543 648 1614 ‘quie
664 1543 795 1614 presidet
811 1543 901 1599 armis.
921 1545 958 1600 85

143 1626 231 1680 Arme
247 1625 312 1680 ferae
330 1625 408 1696 genti
423 1641 539 1696 remque
557 1624 705 1696 decusque
716 1625 828 1681 dabant.
985 1643 987 1646 ·

30 1740 34 1745 -
108 1705 194 1775 Quod
212 1708 237 1762 si
253 1707 327 1762 forte
343 1723 433 1769 vaoas,
451 1706 611 1777 peregrinos
629 1705 733 1777 inspioe
749 1706 855 1772 fustem

144 1789 253 1845 Mensis
270 1790 301 1843 in
317 1789 360 1843 his
379 1788 463 1843 etiam
480 1789 590 1842 nomine
607 1787 711 1843 Martis
730 1789 791 1844 erit.

106 1870 219 1927 Tertius
236 1871 362 1934 Albanis,
380 1869 495 1943 quintus
511 1869 566 1924 fuit
583 1870 630 1926 ille
647 1869 778 1926 Iiblisois:

146 1951 247 2008 Sextus
266 1953 339 2024 apud
356 1952 481 2024 populos,
500 1951 625 2008 Herniea
641 1957 725 2016 terra,
743 1959 816 2008 tuos.
921 1958 957 2010 90

106 2035 190 2090 Inter
207 2035 344 2098 Aricinos,
363 2035 526 2106 Albanaque
543 2040 670 2106 temporo
687 2041 822 2099 oonstant,
978 2059 981 2066 ·

144 2117 287 2189 Factaque
305 2116 437 2188 Telegoni
455 2117 557 2171 moenia
574 2117 647 2172 oelsa
663 2135 756 2172 manu.

107 2199 249 2269 Quintum
265 2197 427 2263 Laurentes,
445 2199 491 2253 bis
507 2198 637 2270 quintum
654 2197 817 2270 AEquieolus
835 2215 924 2270 asper,
956 2223 958 2228 v

143 2283 172 2336 A
188 2281 278 2336 tribus
295 2280 370 2336 hune
386 2281 509 2351 primum
526 2280 609 2335 turba
627 2279 867 2336 Ourensisbabet.

105 2363 149 2419 Et
165 2363 219 2418 tibi
236 2381 299 2418 oum
316 2362 435 2434 proavis,
453 2362 532 2416 miles
551 2361 676 2434 Peligne,
695 2361 806 2418 Sabinis
922 2365 956 2418 95

145 2445 298 2501 Convenit:
317 2445 363 2499 hie
381 2445 459 2516 genti
477 2450 592 2516 quartis
609 2445 721 2517 utrique
738 2442 816 2498 deus.
881 2471 883 2479 ·

105 2527 255 2590 Romulus,
272 2525 323 2581 hos
341 2543 436 2580 omnes
453 2531 487 2581 ut
500 2526 628 2580 ¹vineeret
645 2526 743 2582 ordine
761 2525 867 2590 saltem,

145 2608 294 2680 Sanguinis
311 2608 423 2662 auetori'
434 2613 561 2679 tempora
578 2608 669 2679 prime
686 2607 771 2664 dedit.

106 2691 138 2746 N
139 2709 172 2746 ee
189 2689 307 2744 totidem
325 2697 442 2754 veteres,
462 2694 531 2762 quot
548 2707 630 2755 nuno,
648 2689 772 2745 habuere
789 2687 943 2745 Kalendas:

144 2772 199 2827 Ille
216 2772 307 2826 minor
323 2771 439 2842 geminis
457 2771 598 2827 mensibus
617 2787 705 2826 eunus
724 2776 792 2826 erat.
907 2775 959 2828 100

105 2853 246 2911 Nondum
262 2853 416 2908 tradideras
433 2854 520 2909 vietus
538 2852 691 2908 victoribus
709 2859 793 2917 artes,

144 2935 261 2999 Grauia,
280 2934 430 2990 faoundum
447 2935 497 2990 se'd
512 2935 585 2990 mele
599 2935 675 2990 'forte
695 2953 791 3006 genus.

106 3018 169 3088 Qui
185 3017 257 3072 bene
270 3016 425 3089 pugnabat,
443 3015 599 3072 Romanam
615 3022 731 3071 noverat
749 3022 852 3072 ortem:

144 3099 264 3155 Mittere
282 3099 331 3172 qui
348 3104 458 3171 poterat
475 3099 540 3171 pila,
560 3099 679 3154 dnertus
697 3103 765 3152 erat.

106 3182 184 3252 Quis
202 3187 269 3236 tune
286 3187 335 3236 eut
354 3171 479 3253 Hyadas,
499 3186 548 3236 aut
565 3179 694 3234 Pleiadas
711 3178 857 3233 Atlanteas
908 3181 959 3232 105

146 3264 288 3328 Senserat,
308 3270 356 3318 aut
374 3263 499 3335 geminos
517 3279 577 3317 esse
596 3260 647 3316 sub
665 3277 715 3314 axe
732 3258 831 3330 polos?
