2250 3704
77 85 145 158 vu]
436 83 564 140 ulsur.
878 86 930 143 123

76 231 161 287 Nunc
178 249 288 304 quoque
306 248 363 285 non
379 228 471 286 luctor
488 229 523 286 de
540 230 654 286 nomine
672 231 806 304 temporis
824 230 917 304 hujus.

109 314 252 378 Blandior,
271 319 301 369 et
317 318 411 385 partes
429 331 507 384 paene
524 313 650 384 rogantis
669 332 738 386 agos
894 313 930 371 70

74 395 201 470 Remque
218 396 274 452 mei
287 396 360 468 juris
377 395 473 450 malim
489 397 613 452 tenuisse
630 397 784 468 precando:

108 478 151 534 Et
168 479 260 534 faveas
279 495 382 534 caussa
399 477 517 533 forsitan
533 479 594 551 ipse
611 497 689 534 meas.

76 562 170 617 Aurea
186 561 310 634 possedit
328 561 403 616 socio
420 560 558 632 Capitolia
575 562 682 633 templo

20 693 21 696 ,
109 643 214 708 Mater,
233 649 262 699 et
278 649 312 698 ut
330 643 421 708 debet,
441 661 504 699 cum
522 643 595 699 Jove
613 661 722 700 summa
739 648 826 700 tenet.

76 728 114 782 At
132 727 216 782 decus
234 744 317 781 omne
333 725 402 780 mihi
420 727 558 798 contingit
576 727 683 798 origine
701 728 811 784 mensis.
893 727 928 784 75

109 809 218 866 Unicus
236 814 287 872 est,
306 809 416 880 dequo
435 808 625 874 sollicitamur,
643 809 741 865 honor.

77 892 153 962 Quid
171 909 263 964 grave,
282 891 307 945 si
324 891 439 946 titulum
456 891 568 956 mensis,
587 891 723 958 Romane,
742 892 846 950 dedisti

109 975 242 1031 Herculis
259 974 347 1037 uxori,
365 973 570 1046 posteritasque
588 975 715 1030 memori

76 1057 145 1115 Haeo
163 1075 275 1130 quoque
291 1063 368 1111 terra
385 1056 490 1129 aliquid
508 1057 594 1112 debet
610 1057 680 1112 mihi
696 1057 809 1114 nomine
825 1057 921 1130 magui

110 1139 253 1213 Oonjugis.
290 1138 356 1194 Huc
375 1143 469 1211 captas
488 1139 596 1211 appulit
613 1139 661 1195 ille
678 1140 773 1196 boves.
892 1144 928 1195 80

75 1223 132 1279 Hic
149 1222 222 1279 male
240 1220 370 1277 defensus
388 1221 507 1277 flammis
526 1227 555 1276 et
573 1221 639 1277 dote
656 1227 775 1295 paterna

109 1304 199 1362 Cacus
217 1303 386 1360 Aventinam
404 1304 539 1376 sanguine
556 1305 641 1360 tinxit
658 1305 784 1360 humum.

73 1389 119 1445 Ad
136 1387 267 1461 propiora
283 1405 373 1442 vocor.
410 1386 549 1459 Populum
567 1388 683 1458 digessit
700 1387 737 1443 ab
754 1388 834 1444 annis

108 1469 254 1533 Romulus,
271 1468 303 1523 in
319 1475 413 1541 partes
431 1469 630 1543 distribuitque
647 1471 725 1526 duas.

74 1553 144 1609 Haec
162 1553 229 1608 dare
247 1551 399 1615 consilium,
418 1571 544 1624 pugnare
561 1554 684 1625 paratior
701 1552 750 1608 ilia
767 1559 825 1609 est:
892 1555 927 1608 85

108 1635 179 1691 Haec
198 1639 263 1690 setes
280 1633 385 1688 bellum
403 1635 511 1698 suadet,
531 1641 560 1690 at
578 1635 626 1690 illa
644 1635 725 1706 gerit.

74 1717 120 1774 Sic
137 1717 245 1781 statuit,
263 1735 427 1789 mensesque
445 1723 513 1772 nota
531 1719 649 1773 secrevit
668 1716 774 1772 ecdem.

107 1800 211 1856 Junius
230 1805 273 1855 est
287 1801 439 1871 juvenum
459 1800 509 1872 qui
526 1799 581 1854 fuit
599 1805 674 1865 ante,
694 1819 801 1858 senum.

73 1881 168 1948 Dixit;
188 1888 217 1938 et
234 1881 264 1937 in
280 1882 360 1936 litem
377 1882 471 1938 studio
490 1883 649 1938 certaminis
666 1883 771 1949 issent;

107 1966 203 2037 Atque
220 1964 263 2018 ira
280 1964 369 2036 pietas
388 1963 561 2020 dissimulata
579 1965 660 2021 foret.
891 1968 928 2020 90

71 2047 160 2104 Venit
177 2046 325 2120 Apollinea
342 2047 440 2118 longas
460 2046 615 2104 Concordia
632 2049 711 2104 lauro

106 2129 136 2186 N
138 2149 190 2186 exe
208 2147 308 2192 comas,
325 2129 427 2200 placidi
445 2148 550 2185 numen
568 2149 693 2203 opusque
711 2129 809 2186 Ducis.

69 2213 141 2269 Haec
158 2212 209 2268 ubi
225 2211 349 2267 narravit
366 2211 487 2277 Tatium,
505 2211 663 2285 fortemque
682 2213 842 2282 Quirinum,

107 2296 235 2367 Binsque
253 2313 317 2349 cum
336 2293 447 2365 populis
465 2312 552 2366 regna
570 2296 656 2352 coisse
675 2295 748 2360 suis,

68 2378 111 2434 Et
127 2378 187 2433 lare
205 2377 345 2432 communi
363 2393 472 2432 soceros
490 2395 663 2450 generosque
680 2383 824 2449 receptos;
891 2379 927 2432 95

106 2460 163 2516 His
180 2478 283 2514 nomen
297 2459 402 2530 junctis
420 2459 532 2524 Junius,
551 2460 652 2532 inquit,
670 2459 765 2515 habet.

67 2543 156 2600 Dicta
172 2541 275 2614 triplex
292 2559 375 2596 eausa
392 2547 443 2596 est.
479 2542 520 2597 At
537 2561 587 2597 vos
605 2542 749 2614 ignoscite,
768 2541 855 2597 dive:

104 2625 164 2681 Res
183 2631 226 2680 est
244 2623 360 2680 arbitrio
377 2642 434 2679 non
452 2623 609 2682 dimmends
625 2642 695 2681 meo.

67 2709 118 2764 Ite
134 2726 216 2782 pares
234 2725 251 2762 a
267 2725 322 2761 me.
359 2706 508 2762 Perierunt
523 2702 618 2779 judice
636 2706 732 2762 forma

105 2790 259 2863 Pergama:
278 2789 342 2860 plus
359 2788 472 2853 laedunt,
492 2808 576 2861 quam
591 2791 674 2862 juvet
691 2808 756 2853 una,
775 2789 846 2846 duae.
876 2791 928 2844 100

17 2913 28 2980 ι
65 2873 167 2930 Prima
184 2871 242 2927 dies
260 2871 321 2936 tibi,
336 2871 435 2935 carna,
448 2871 541 2927 detur.
578 2871 641 2927 Dea
660 2871 780 2928 cardinis
798 2872 857 2928 haec
875 2877 928 2926 est.

104 2954 231 3010 Numine
249 2953 342 3009 clausa
359 2954 456 3026 aperit,
476 2954 582 3010 claudit
599 2961 697 3027 aperta
715 2971 774 3011 suo.

64 3036 154 3094 Unde
172 3035 252 3092 datus
269 3035 373 3092 habeat
388 3037 472 3102 vires,
492 3037 638 3092 obscurior
655 3054 715 3092 aero

102 3118 208 3183 Fama;
229 3117 280 3174 sed
297 3137 313 3174 e
330 3125 427 3174 nostro
446 3120 568 3174 carmine
587 3124 681 3175 certus
699 3118 763 3175 cris.

63 3202 189 3274 Adjaoet
207 3201 316 3272 antiqui
334 3200 466 3257 Tiberino
484 3201 565 3256 lucus
585 3200 720 3256 Helerni:
874 3202 926 3256 105

104 3282 259 3341 Pontifices
278 3283 345 3339 illuc
363 3301 439 3339 nunc
456 3300 568 3355 quoque
587 3301 665 3337 sacra
681 3281 785 3337 ferunt.
