2250 3704
151 97 187 149 sc
382 93 415 148 Ρ.
434 90 573 148 ovmn
591 90 768 147 risoris
925 92 1009 162 [nm.

148 237 215 293 Nox
233 238 344 293 ederet:
364 254 471 308 querno
488 236 610 307 religent
628 255 644 290 a
662 236 756 308 stipite
775 235 880 301 funem,

184 319 317 392 Duntque
334 320 390 375 levi
408 337 505 375 somno
523 337 640 390 corpora
656 318 754 374 functe
772 319 841 375 cibo.

147 402 211 459 Lux
228 404 340 459 ederet:
360 421 468 474 querno
486 402 598 457 solvunt
616 421 633 456 a
651 402 746 474 stipite
764 403 875 458 funem:

183 487 260 541 Ante
277 492 372 541 temen
389 486 481 558 posito
499 485 584 540 thura
602 485 704 540 dedere
722 485 792 541 foce.

147 571 223 625 Ante
242 575 401 624 coronatam
414 569 531 640 puppim
549 568 608 623 sine
619 567 688 624 'labe
703 570 853 639 jurencem
949 573 1005 626 335

183 653 355 716 Mactcruut,
375 669 490 723 operum
508 651 685 723 conjugiique
702 652 810 707 rudem.
837 655 840 660 '

146 735 201 791 Est
218 735 304 800 locus,
326 735 356 790 in
375 733 489 789 Tiberin
506 752 563 805 qua
579 734 703 789 lubricus
721 734 814 790 influit
831 735 925 799 Almo,

181 819 223 874 Et
240 837 341 874 nomen
358 835 459 889 mngno
476 818 569 889 perdit
586 818 622 872 eb
640 837 721 873 amne
739 819 838 874 minor.

146 902 210 958 Illic
227 919 368 974 purpurea
386 918 470 954 canus
490 919 553 954 eum
571 905 649 954 veste
667 900 795 955 sacerdos

181 983 307 1038 Almonis
327 981 476 1037 Dominam
493 1000 626 1053 sacraque
643 981 713 1036 levit
730 982 818 1053 equis.
948 987 1006 1040 340

145 1067 300 1122 Exululent
318 1066 440 1129 comites,
460 1065 620 1137 furioseque
638 1065 708 1120 tibio
725 1065 824 1129 {latim

181 1150 221 1206 Et
239 1150 344 1206 feriunt
361 1148 458 1204 molles
477 1157 575 1202 taurea
592 1153 673 1220 terge
690 1167 797 1206 munus.

145 1234 263 1290 Cleudic
279 1232 411 1306 praecedit
428 1232 491 1286 laeto
510 1231 690 1287 celeberrime
706 1232 795 1296 vultu,

181 1317 295 1372 Credita
311 1316 358 1371 vix
375 1315 489 1370 tandem
507 1321 580 1369 teste
597 1314 699 1386 pudica
717 1316 776 1371 dee.

145 1400 213 1473 Ipsa
230 1400 329 1456 sedens
346 1399 472 1470 plaustro
489 1403 572 1470 porto
589 1404 632 1452 est
649 1398 760 1454 invecta
778 1398 905 1470 Capena:
947 1404 1005 1458 345

182 1483 358 1556 Spurguntur
373 1483 477 1554 juncte
495 1480 563 1536 flore
581 1487 693 1537 recente
711 1483 805 1537 boves.

144 1565 249 1622 Nasica
266 1565 388 1637 occepit:
408 1564 506 1636 templi
523 1570 592 1619 tunc
610 1565 717 1619 exstitit
735 1571 840 1620 auctor.

179 1651 325 1722 Augustus
343 1667 418 1704 nunc
436 1653 494 1703 est:
514 1653 579 1702 unte
598 1647 732 1702 Metellus
751 1655 819 1703 erat.

146 1731 279 1788 Substitit
296 1733 342 1787 hic
360 1731 458 1786 Erato.
496 1729 638 1804 Mora-fit,
658 1731 682 1784 si
701 1737 799 1786 cetere
817 1751 950 1803 querum.

179 1814 241 1878 Die,
261 1816 383 1886 inquam,
402 1833 489 1886 parva
507 1833 557 1868 cur
576 1813 649 1885 stipe
668 1819 774 1886 quaeret
791 1815 876 1886 opes?
946 1820 1008 1873 350

143 1897 270 1954 Contulit
287 1917 323 1954 ece
340 1897 469 1970 populus,
489 1896 524 1950 de
542 1914 598 1967 quo
618 1896 736 1953 delubra
754 1896 888 1953 Metellus

178 1981 267 2046 Fecit,
287 1981 334 2036 eit
372 1979 479 2035 Dendae
497 1997 557 2034 mos
576 1979 656 2051 stipis
673 1980 738 2036 inde
756 1987 858 2036 menet.

143 2064 201 2120 Cur
217 2063 324 2119 vicibus
341 2062 422 2118 factis
441 2064 537 2118 ineant
555 2062 689 2127 convivia,
709 2081 810 2134 quaero,

178 2146 250 2202 Tum
268 2145 365 2218 magis,
383 2145 502 2200 indictas
521 2145 768 2217 concelebrentque
788 2146 879 2217 dapes.

143 2229 228 2298 Quod
244 2230 316 2285 bene
333 2228 450 2283 mutarit
468 2228 563 2284 sedem
581 2227 756 2300 Berecyntia,
776 2229 853 2293 dixit,
948 2235 1011 2291 355

178 2313 299 2384 Captunt
316 2311 432 2366 mutetis
451 2311 563 2367 sedibus
582 2329 663 2367 omen
682 2311 764 2367 idem.

141 2395 314 2459 institeram,
334 2413 420 2466 quere
437 2394 521 2466 primi
540 2395 696 2466 Megalesia
713 2395 774 2450 ludi

176 2479 256 2535 Urbe
273 2479 366 2534 forent
382 2483 493 2533 nostra:
514 2497 577 2533 cum
596 2477 648 2556 dea
668 2478 766 2546 (sensit
785 2479 886 2548 enim):

142 2563 197 2619 illa
215 2565 290 2627 deos,
309 2561 409 2634 inquit,
428 2561 546 2632 peperit.
584 2560 700 2616 Cessere
717 2562 835 2633 perenti,

176 2645 402 2718 Principiumquc
421 2643 479 2698 deti
497 2649 587 2698 mater
604 2643 717 2698 honoris
735 2644 830 2699 hebet.
943 2651 1010 2708 360

140 2728 199 2784 Cur
216 2729 303 2799 igitur
321 2726 425 2790 Gallos,
444 2726 493 2798 qui
511 2745 541 2780 se
560 2727 695 2790 excidere,
714 2745 852 2792 vocemus,

175 2809 247 2866 Cum
264 2816 343 2865 tento
361 2808 488 2880 Phrygia
506 2807 614 2864 Gallice
632 2809 718 2864 distet
735 2809 857 2864 humus?

138 2891 227 2956 Inter,
247 2892 294 2956 ait,
313 2891 431 2947 viridem
449 2890 574 2963 Cybelen
592 2891 717 2964 altasque
736 2891 859 2947 Celenae

173 2975 272 3030 Amnis
291 2974 314 3030 it
333 2974 439 3039 insane,
458 2973 570 3029 nomine
589 2973 697 3038 Gallus,
717 2993 797 3046 aque.

139 3057 196 3123 Qui
214 3057 286 3112 bibit
299 3056 374 3119 inde,
388 3056 467 3110 furit.
504 3056 607 3111 Procul
624 3057 690 3114 hinc
709 3057 850 3123 discedite,
871 3061 939 3131 quis
960 3077 1017 3126 est

173 3136 247 3188 Cura
264 3135 343 3189 bonae
361 3137 477 3191 mentis:
502 3139 550 3208 qui
568 3139 640 3194 bibit
658 3140 733 3204 inde,
752 3140 829 3195 furit.
949 3150 1016 3208 366

135 3213 203 3266 Non
220 3215 307 3282 pudet
324 3215 483 3281 herbosum,
503 3219 569 3282 dixi,
587 3223 715 3291 posuisse
732 3229 873 3280 moretum

169 3292 206 3345 ln
223 3291 350 3347 Dominae
368 3298 492 3352 mensis?
511 3318 547 3354 cn
565 3319 616 3356 sua
634 3322 717 3360 causo
735 3306 852 3361 subest?

1081 722 1106 752 ,
