2250 3704
302 515 445 590 LIBER
477 515 689 604 QUINTUS.

406 742 593 753 -ῌ

75 900 231 970 Qunnrms,
250 902 325 958 unde
343 905 440 973 putem
458 898 538 955 Maio
557 897 623 955 date
641 900 753 956 nomina
770 902 879 958 mensi?

105 985 132 1040 N
134 1004 170 1041 on
187 985 255 1040 satis
274 990 317 1040 est
334 984 440 1056 liquido
458 983 569 1056 cognito
586 1002 668 1038 causa
685 985 762 1048 mihi,

74 1066 111 1122 Ut
126 1072 190 1133 stat,
210 1074 240 1124 et
257 1068 388 1132 incertus,
407 1085 463 1139 qua
481 1066 517 1120 sit
535 1065 597 1130 sibi,
616 1067 712 1132 nescit,
732 1065 863 1132 eundum,

105 1150 173 1206 Oum
190 1150 270 1206 videt
286 1170 321 1206 ex
338 1151 416 1205 omni
432 1155 512 1221 parte
530 1149 620 1204 viator
637 1149 707 1205 iter:

75 1231 123 1297 Sic,
141 1234 208 1306 quia
224 1252 306 1305 posse
324 1233 408 1289 datur
425 1232 547 1289 diversas
565 1232 682 1288 reddere
700 1251 805 1298 causas,
903 1237 920 1290 5

105 1317 167 1385 Qua
183 1317 267 1381 ferar,
285 1317 399 1388 ignoro:
420 1316 552 1388 copiaque
570 1316 631 1387 ipsa
648 1321 738 1371 nocet.

73 1398 168 1465 Dicite,
186 1419 248 1472 quae
266 1399 357 1455 fontes
375 1396 567 1471 Aganippidos
586 1398 778 1471 Hippocrenes

105 1481 191 1538 Grata
208 1482 347 1538 Mednsaei
364 1483 444 1554 signa
460 1482 562 1537 tenetis
582 1482 654 1553 equi.

73 1563 232 1621 Dissensera
249 1565 307 1620 deae
316 1589 324 1630 3
344 1584 462 1638 quarum
479 1563 667 1636 Polyhymnia
685 1565 768 1636 coepit

104 1648 212 1704 Prima:
232 1648 315 1704 silent
333 1649 403 1714 alise,
414 1647 543 1720 dictaque
560 1652 654 1702 mente
671 1652 779 1702 notant.
886 1651 922 1703 10

73 1728 136 1785 Post
147 1731 246 1796 Chaos,
259 1738 293 1786 ut
303 1732 424 1804 primum
436 1731 503 1787 data
518 1735 584 1786 sunt
601 1731 657 1786 tria
674 1747 790 1802 corpora
806 1731 919 1796 mundo,

104 1813 192 1886 Inque
210 1833 295 1870 novas
314 1815 420 1886 species
438 1833 519 1869 omne
536 1813 651 1869 recessit
669 1831 754 1885 opus3
824 1860 826 1863 .

73 1894 193 1953 Pondere
211 1903 289 1952 terra
306 1915 357 1952 suo
374 1897 508 1960 subsedit,
527 1902 557 1951 et
575 1915 685 1969 aequora
702 1898 802 1952 traxit:

103 1979 141 2036 At
158 1981 258 2036 coelum
275 1980 373 2036 levitas
391 1981 422 2036 in
438 1979 500 2034 loca
517 1998 626 2034 summa
643 1979 718 2035 tulit.
862 2003 867 2014 ·

74 2060 116 2117 Sol
132 2082 243 2136 quoque
262 2083 326 2120 cum
343 2063 430 2118 stellis
448 2061 525 2118 nulla
542 2063 679 2134 gravitate
697 2067 831 2128 retentus,
885 2067 919 2120 15

102 2145 140 2201 Et
157 2165 206 2202 vos
225 2145 350 2202 Lunares
369 2145 518 2201 exsiluistis
536 2146 609 2217 equi.

73 2226 123 2283 Sed
139 2248 231 2302 neque
249 2234 325 2284 terra
342 2228 392 2284 diu
409 2229 485 2292 coelo
504 2247 556 2284 nec
575 2234 673 2284 oaetera
690 2228 797 2284 Phoebo

104 2311 200 2368 Sidera
218 2312 369 2368 cedebant:
390 2330 442 2383 par
460 2317 521 2366 erat
538 2311 626 2367 omnis
644 2311 741 2367 honos.

73 2392 143 2466 Saepe
162 2395 262 2467 aliquis
282 2395 359 2460 solio,
378 2395 454 2467 quod
471 2400 512 2458 tu,
533 2393 661 2457 Saturne,
680 2395 803 2459 tenebas,

102 2479 192 2532 Ausus
212 2477 246 2532 de
264 2478 357 2532 media
373 2477 455 2549 plebe
473 2478 570 2532 sedere
589 2477 674 2532 deus:
885 2479 921 2532 20

72 2556 106 2614 Et
121 2560 194 2616 latus
214 2559 326 2616 Oceano
344 2561 491 2632 quisquam
510 2559 578 2614 deus
596 2561 704 2615 advena
718 2560 829 2631 junxit:

102 2642 206 2716 Tethys
224 2649 254 2699 et
271 2648 395 2699 extremo
413 2661 485 2714 sape
503 2647 616 2714 recepta
633 2643 695 2698 loeo
713 2649 765 2698 est.

72 2722 162 2782 Donec
180 2725 289 2791 Honor,
308 2725 471 2798 placidoque
491 2725 591 2782 decens
610 2725 780 2781 Reverentia
796 2726 878 2782 vultu

103 2807 224 2882 Corpora
239 2809 371 2880 legitimis
389 2809 546 2880 imposuere
563 2809 641 2863 toris.

30 2903 37 2972 3
72 2885 143 2946 Hinc
161 2898 221 2947 sata
239 2891 393 2964 Majestas;
413 2891 465 2946 hos
483 2897 527 2946 est
545 2890 598 2946 dea
615 2909 697 2946 censa
714 2896 860 2962 parentes:
885 2893 927 2948 2&

30 2991 31 3000 ¹
103 2973 221 3047 Quaque
239 2974 285 3029 die
301 2981 387 3046 partu
405 2980 448 3030 est
466 2973 549 3037 edita,
567 2992 670 3044 magna
688 2973 751 3028 fuit.

71 3053 128 3111 Nee
145 3075 239 3112 mora:
260 3057 385 3114 consedit
402 3057 495 3114 medio
514 3057 640 3112 sublimis
660 3055 791 3129 Olympo,

101 3138 204 3203 Aurea,
222 3158 365 3212 purpureo
383 3139 578 3212 conspicienda
595 3140 667 3194 sinu.

72 3219 223 3279 Consedere
241 3224 325 3278 simul
343 3223 439 3279 Pudor
457 3227 486 3278 et
505 3222 611 3276 Metus.
649 3220 741 3276 Omne
758 3221 867 3278 videres

102 3305 217 3362 Numen
235 3305 272 3361 ad
289 3306 361 3362 hanc
378 3306 474 3362 vultus
493 3303 679 3374 composuisse
698 3320 772 3358 suos.
888 3304 925 3355 30
