2250 3704
198 49 235 103 ss
432 41 466 97 P.
486 38 626 97 ovmn
644 38 823 97 NASONIS
978 42 1043 114 [us.

200 190 358 262 Osculaque
376 187 509 261 applicuit
526 186 618 258 posito
635 205 765 258 supreme
782 187 903 243 feretro:

235 274 331 345 Atque
349 273 397 336 eit,
416 270 511 326 Invito
529 269 616 324 freter
634 269 753 334 ademto,
772 270 843 325 vele.

199 356 376 427 Arsurosque
394 361 472 409 uitiis
489 353 585 407 unxit:
604 351 703 416 fouere,
722 353 798 424 qued
814 353 871 417 ille,

236 439 397 502 Faustulus,
417 442 446 492 et
463 441 572 491 maestes
590 435 666 489 Aeee
683 435 775 490 solute
793 453 892 491 eomes.

200 522 273 578 Tum
288 523 420 594 juvenem
438 519 564 574 nondum
580 517 648 572 faeti
664 516 767 572 flevere
785 517 920 586 Quirites.
1001 519 1044 574 855

234 604 344 659 Ultima
360 604 470 675 plorato
488 601 601 656 subdite
617 599 728 656 flemme
745 619 814 672 rogo
832 608 883 657 est.
1070 657 1085 676 w

199 686 276 742 Urbs
294 687 383 742 oritur
402 685 475 757 (quis
492 691 560 738 tune
577 683 630 738 hee
647 683 699 738 ulli
716 684 829 739 eredere
845 689 941 756 posset
947 684 971 754 P)

235 770 380 826 Victorem
396 768 479 824 terris
497 766 662 838 impositum
678 767 788 837 pedem.

201 853 309 908 (limate
324 869 420 924 regas:
441 855 470 906 et
488 850 525 904 sis
543 867 644 920 magno
662 848 715 904 sub
733 849 841 904 (laessre
859 868 981 922 semper:

236 935 315 1007 Saepe
334 936 418 989 etium
435 933 529 1005 plures
548 931 667 987 nominis
684 931 770 1004 hujus
787 932 868 987 habe.
997 935 1045 986 860

199 1017 239 1073 Et
257 1018 366 1090 quoties
384 1016 495 1072 steteris
514 1015 620 1071 domito
638 1014 763 1069 sublimis
780 1015 811 1070 in
828 1015 905 1080 orbe,

235 1101 338 1156 Omnis
356 1100 413 1154 sint
429 1098 553 1154 humeris
571 1096 704 1152 iuferiora
720 1098 785 1152 tuis.

199 1264 285 1320 Dicte
302 1263 383 1320 Pales
401 1264 483 1320 nobis
493 1287 504 1322 ι,
519 1263 595 1318 idem
612 1261 726 1318 Viuslis
743 1262 841 1320 dicem.

234 1347 300 1402 Una
317 1353 412 1402 tumen
429 1346 522 1402 medis
540 1352 583 1401 est
601 1346 674 1402 inter
690 1350 839 1418 utramque
857 1346 925 1402 dies.

199 1429 326 1485 Numine
339 1429 468 1501 vulgares
486 1428 606 1484 Veneris
626 1429 763 1484 eelebrate
780 1428 888 1501 puelle.
999 1429 1044 1484 865

235 1511 331 1568 Mults
348 1511 535 1584 professarum
552 1512 704 1583 quaestibus
723 1517 788 1584 epte
805 1511 913 1566 Venus.

98 1633 105 1644 ·
189 1595 311 1651 *Poseite
328 1595 412 1650 thure
431 1595 497 1650 dato
515 1593 641 1658 formem,
659 1595 812 1666 populique
829 1594 970 1660 favorem

235 1678 345 1734 Poseite
364 1678 520 1742 blanditias,
540 1677 679 1748 digneque
697 1678 783 1733 verbe
796 1679 870 1749 joeo.

199 1761 327 1833 Cumque
345 1779 395 1816 sue
413 1760 530 1816 domiuae
548 1759 613 1814 dete
630 1765 711 1831 grets
728 1760 876 1832 sisymbria
892 1767 993 1834 myrto,

235 1843 378 1915 Texteque
396 1843 548 1915 composite
562 1843 664 1913 juneee
680 1842 773 1898 vinela
789 1861 861 1898 rosa.
1000 1841 1047 1900 870
1093 1835 1097 1864 ”

200 1927 316 1998 Temple
333 1926 505 1998 frequentari
522 1924 637 1980 eollinae
650 1925 780 1996 ,proxime
797 1932 884 1997 ports

235 2010 321 2066 Nune
340 2008 435 2064 deeet:
455 2027 473 2062 e
491 2007 585 2062 Siculo
602 2008 716 2062 nomine
734 2008 803 2064 eolle
821 2015 928 2064 tenent.

199 2091 297 2163 thue
317 2090 467 2163 Syracusas
485 2089 670 2144 Arethusidas
689 2090 804 2146 abstulit
822 2091 906 2146 ermis

208 2244 209 2252 ἵ
237 2175 378 2238 Claudius,
397 2179 426 2229 et
444 2172 517 2229 bello
535 2177 564 2228 te
583 2190 693 2244 quoque
711 2175 794 2244 oepit,
812 2173 909 2246 Eryx:

201 2257 330 2312 Carmine
347 2255 451 2312 vivacis
469 2255 567 2310 Venus
586 2261 629 2310 est
646 2256 783 2311 truislate
801 2255 931 2329 sibyllm
1003 2257 1048 2314 875

236 2338 328 2411 Inque
347 2357 403 2394 suae
422 2339 515 2410 stirpis
533 2337 632 2394 meluit
649 2338 719 2402 urbe
737 2339 798 2394 coli.

202 2422 259 2478 Gur
277 2423 363 2495 igitur
380 2420 500 2477 Veneris
518 2420 621 2476 festum
639 2419 751 2476 Vinalia
768 2421 870 2486 dieunt,

238 2504 378 2573 Queritis
397 2510 427 2559 et
444 2521 531 2575 quere
547 2503 586 2559 sit
603 2502 625 2558 J
626 2503 684 2558 ovis
702 2504 757 2560 ists
775 2504 854 2559 diesi

202 2587 321 2652 Turnus,
341 2605 376 2642 an
394 2586 498 2642 AEuees
517 2584 604 2642 Letiae
623 2605 708 2658 gener
725 2592 798 2642 esset
815 2587 932 2652 Amatae,

237 2669 348 2726 Bellum
366 2674 433 2726 eret.
470 2668 604 2724 Etruscis
623 2669 738 2727 liunus·
752 2669 866 2741 adoptet
883 2689 961 2742 opes.
1005 2673 1054 2726 880

203 2753 301 2808 Clarus
320 2758 388 2816 erat,
406 2751 560 2824 sumtisque
577 2751 656 2807 ferox
673 2752 832 2808 Mezentius
850 2753 949 2808 ermis:

195 2897 198 2905 Δ
236 2834 277 2890 Et
294 2834 340 2890 vel
357 2851 429 2906 equo
446 2852 573 2906 maguus,
591 2834 637 2890 vel
654 2835 725 2906 pede
743 2837 832 2907 major
852 2831 930 2890 etet(

202 2917 294 2984 Quem
312 2917 413 2972 Rutuli
431 2916 597 2990 Tmuusque
616 2917 673 2973 suis
691 2917 843 2974 edseiseere
861 2923 975 2974 tentent
1085 2908 1095 2924 “

236 2999 376 3053 Partibus.
414 2997 484 3054 Haee
503 3006 599 3056 eentre
617 2999 675 3056 dux
692 3001 733 3056 its
750 2999 857 3056 Tuscus
875 3001 930 3057 eit:

201 3076 265 3129 Stet
281 3079 350 3130 mihi
368 3097 424 3133 non
441 3097 528 3149 parvo
540 3082 628 3136 virtus
646 3101 718 3137 mee.
756 3082 883 3138 Vulnere
894 3089 993 3150 testor,
1006 3087 1057 3140 885

234 3153 384 3225 Asmaque
404 3175 464 3226 quae
483 3162 572 3229 sparsi
589 3165 724 3234 sanguine
743 3183 815 3236 saepe
833 3184 904 3222 mee.
