2250 3704
74 83 122 158 u]
439 85 565 144 rssrr
873 91 924 150 117

74 229 148 298 Quid
164 228 218 286 tibi
234 247 309 286 uuue
326 228 414 286 solite
431 229 507 286 mitti
524 235 588 303 post
606 235 685 305 terge
699 233 816 306 segittoe,

105 313 184 382 Quid
200 311 269 377 lees,
287 312 357 386 quid
373 313 465 385 rapidi
480 313 588 386 profuit
604 333 671 371 usus
690 317 775 389 equi?

73 393 184 461 Partho,
202 395 290 451 refers
309 395 430 468 equilus:
449 395 538 452 rietes
557 415 667 470 quoque
686 400 805 473 porrigis
824 419 912 458 arcus.

104 478 229 550 Pignora
242 479 301 550 jam
319 479 408 533 nostri
425 478 502 534 nulls
519 480 633 552 pudoris
649 481 744 538 hebes.

71 558 135 616 Rite
149 559 201 616 deo
212 560 403 633 templumque
421 561 526 626 (letum,
539 579 695 635 nomenque
713 563 756 620 bis
774 565 850 632 ulto;
870 569 922 624 595

104 643 146 698 Et
163 643 280 699 meritus
297 642 369 698 votis
388 642 483 698 debite
500 643 583 698 solvit
600 643 698 701 honos.

74 724 215 782 Sollennes
232 723 313 780 ludos
332 724 413 780 Gireo
431 725 577 789 eelebrute,
597 725 737 794 Quirites:

104 807 173 864 Nou
189 806 250 864 vise
266 812 310 863 est
327 805 429 863 fortem
447 825 530 863 sesua
547 807 644 864 deeere
663 808 756 866 deum.
817 806 821 816 '

71 971 197 1029 Pleiades
215 971 348 1046 sdspieies
366 991 470 1036 omnes,
488 979 634 1047 totumque
653 992 780 1032 sororum

102 1055 222 1127 ligmers,
240 1054 290 1110 ubi
307 1061 372 1110 aute
389 1054 459 1111 Idus
477 1074 533 1111 nox
551 1057 604 1112 erit
622 1075 679 1112 une
696 1075 787 1130 super.
866 1061 919 1115 600

72 1136 141 1193 lum
158 1137 228 1192 mihi
246 1156 304 1193 non
322 1137 414 1193 dubiis
430 1138 590 1194 auctoribus
608 1139 706 1213 incipit
724 1147 813 1205 aestes,

102 1219 144 1276 Et
160 1219 251 1293 tepidi
266 1219 351 1277 finem
368 1225 495 1294 tempore
511 1221 584 1278 veris
602 1221 716 1278 habent.

69 1389 168 1446 Idibus
185 1407 236 1445 ors
252 1390 329 1463 prior
345 1389 486 1447 stellantia
502 1391 601 1447 tollere
620 1389 744 1448 Taurum

103 1473 231 1529 Indicetz
251 1473 316 1529 huie
334 1473 414 1546 siguo
432 1473 527 1529 fabule
543 1481 611 1530 note
628 1474 733 1530 subest.

68 1554 202 1620 Praebuit,
219 1559 254 1611 ut
269 1561 376 1621 taurus,
395 1555 487 1629 Tyriae
505 1575 556 1612 sus
573 1563 654 1629 terge
670 1557 770 1629 puellae
867 1561 919 1615 605

108 1637 232 1710 Jupiter,
251 1643 281 1694 et
298 1637 368 1694 salsa
385 1657 489 1694 cernue
507 1640 598 1694 fronte
616 1639 699 1703 tulit;

68 1719 123 1776 Ills
138 1720 238 1792 jubam
255 1720 361 1784 dextre,
380 1719 449 1776 laeva
467 1720 608 1776 retinebat
625 1720 742 1776 smietus
751 1745 759 1788 ς

103 1803 144 1859 Et
160 1803 247 1858 timor
263 1803 322 1876 ipse
340 1803 405 1858 nori
423 1821 506 1858 ceusu
523 1803 630 1859 decoris
648 1810 718 1859 erut.

68 1887 147 1942 Aure
163 1887 242 1941 sinus
259 1886 377 1958 implete
395 1884 481 1940 fleres
498 1891 594 1941 movet
612 1905 679 1942 sura
696 1886 809 1961 capillos
818 1912 826 1953 ς

104 1967 212 2033 Sidoni,
231 1969 271 2024 sie
288 1967 382 2024 fueras
400 1967 577 2040 adspicienda
594 1967 615 2022 J
616 1969 669 2024 ovi.
869 1972 923 2025 610

68 2050 149 2123 Saepe
166 2050 305 2125 puellares
323 2049 454 2107 subdu'eit
472 2050 507 2106 ub
525 2065 635 2124 equore
653 2051 771 2124 plentes,

102 2133 144 2188 Et
161 2133 263 2188 metuit
280 2137 372 2189 taetus
390 2132 538 2188 assilientis
557 2151 650 2205 equae:

68 2216 150 2288 Saepe
168 2215 237 2271 deus
255 2214 377 2287 prudens
395 2220 507 2285 tergum
525 2214 650 2270 demittit
667 2214 697 2270 in
713 2214 812 2282 undas,

102 2297 222 2355 Haereet
239 2302 273 2352 ut
290 2297 360 2353 eollo
378 2295 479 2353 fortius
497 2297 546 2352 ille
564 2315 622 2353 suo,

66 2380 225 2438 Litteribus
243 2380 326 2436 tretis
343 2380 437 2435 stabat
455 2379 514 2435 sine
533 2379 661 2435 cornibus
679 2379 745 2435 ullis
869 2383 922 2435 615

101 2463 227 2536 Jupiter,
246 2462 331 2535 inque
350 2462 434 2518 deum
452 2462 487 2518 de
505 2461 577 2518 bove
595 2480 691 2518 versus
710 2467 778 2518 eret.

66 2545 177 2604 Taurus
196 2545 249 2600 init
267 2545 374 2601 eoelum.
411 2544 460 2608 Te,
481 2543 586 2608 sidoni,
605 2544 720 2618 Jupiter
738 2544 851 2618 implet:

103 2629 231 2700 Parsque
249 2633 330 2683 tuum
347 2633 429 2682 terrae
446 2627 531 2682 tertis
546 2645 650 2683 nomen
666 2626 760 2682 hebet.

66 2711 134 2767 Hoe
153 2709 200 2766 ulii
217 2709 329 2782 signum
346 2708 478 2764 Pheriem
497 2709 591 2765 dixere
606 2711 766 2782 juvencam,

105 2793 177 2862 Quae
195 2791 246 2847 bos
264 2810 299 2847 ex
316 2791 428 2846 homine
447 2798 498 2856 est,
517 2810 553 2847 ex
570 2791 640 2847 bove
659 2791 733 2847 fectu
751 2791 810 2847 dee.
871 2793 925 2847 620

16 2913 28 2982 ³
68 2873 709 3029 ffitttttttfftttltttttt‘
726 2874 851 2930 'm

67 3041 195 3112 Corpore
210 3043 276 3112 post
293 3038 384 3094 deeies
404 3056 484 3094 senos
503 3039 553 3111 qui
570 3037 690 3094 eredidit
707 3055 795 3094 annos

106 3121 200 3178 Missa
217 3121 288 3186 neei,
307 3121 417 3176 seeleris
436 3119 550 3176 erimine
569 3120 682 3176 damnet
701 3138 774 3176 aros.

66 3205 160 3264 Fame
176 3209 274 3260 vetus:
293 3209 356 3259 tum
374 3221 438 3260 eum
457 3201 588 3258 Saturnis
605 3207 791 3260 terrevoeats
802 3207 853 3266 est,
873 3203 925 3257 625

105 3286 187 3345 Telis
203 3285 311 3344 fatidici
329 3285 404 3342 diets
422 3285 500 3340 suere
519 3284 580 3340 dei:
