2252 3706
68 124 108 194 r]
428 125 554 182 nnsrr.

67 256 107 312 llt
122 255 196 321 mihi,
215 275 251 312 ne
269 255 344 313 flexu
363 258 477 314 cervicis
494 263 621 330 tempora
637 257 761 331 perdam,

34 340 39 350 ‘
102 339 218 396 Cernere
236 359 293 396 non
311 346 387 396 moto
407 360 521 414 corpore
538 341 606 396 bina
623 342 696 397 licet.

67 421 195 486 Dixerat;
215 429 244 479 et
261 424 350 488 vultu,
371 423 395 479 si
412 424 495 495 plura
510 425 653 496 requirere
669 424 779 489 vellem,
860 425 911 480 145

103 505 136 560 Se
153 506 222 560 mihi
240 507 378 562 difficilem
396 525 453 561 non
471 507 539 571 fore,
559 506 649 562 fassus
667 513 735 562 erat.

67 587 157 642 Sumsi
173 589 305 654 animum,
324 595 472 662 gratesque
491 590 544 645 deo
561 608 618 645 non
635 590 750 646 territus
768 589 829 661 egi;

16 699 31 749 Ι
99 669 247 743 Verbaque
265 691 336 737 sum,
356 679 494 745 spectans,
513 691 602 745 pauca
618 673 737 736 locutus,
755 671 881 727 humum.

16 753 18 768 '
64 752 118 808 Dic
135 771 193 824 age,
212 753 363 825 frigoribus
382 773 468 827 quare
485 773 574 810 novus
591 755 690 827 incipit
708 772 805 818 annus,

100 835 155 903 Qui
171 836 271 892 melius
288 856 339 910 per
355 856 405 893 ver
422 837 595 910 incipiendus
614 837 695 892 eratP
861 837 914 891 150

64 918 164 975 Omnia
178 925 248 976 tunc
265 919 380 976 florent:
399 927 468 976 tunc
486 926 530 976 est
546 939 619 976 nova
635 920 768 992 temporis
786 925 871 975 atas:

97 1001 137 1057 Et
153 1021 226 1058 nova
244 1003 278 1058 de
296 1003 411 1074 gravido
428 1003 543 1076 palmite
561 1022 672 1075 gemma
689 1008 796 1058 tumet:

63 1083 103 1139 Et
119 1084 200 1140 modo
217 1084 344 1141 formatis
363 1087 491 1142 amicitur
509 1087 654 1142 frondibus
673 1087 769 1141 arbos:

98 1165 195 1222 Prodit
212 1173 241 1222 et
258 1168 288 1222 in
307 1186 447 1222 summum
464 1168 576 1224 seminis
593 1168 681 1223 herba
698 1168 803 1223 solum:

61 1248 103 1303 Et
119 1249 246 1320 tepidum
263 1251 390 1306 volucres
409 1250 589 1306 concentibus
608 1269 672 1306 aera
689 1251 828 1306 mulcent:
860 1251 912 1304 155

97 1330 182 1387 Ludit
200 1337 229 1388 ct
246 1333 276 1387 in
292 1335 380 1406 pratis
397 1333 576 1405 luxuriatque
594 1351 688 1405 pecus.

62 1413 134 1470 Tum
150 1415 247 1470 blandi
264 1415 351 1471 soles:
372 1415 523 1488 ignotaque
540 1416 635 1489 prodit
652 1415 781 1480 hirundo,

96 1497 136 1552 Et
152 1499 261 1554 luteum
278 1499 352 1554 celsa
368 1501 421 1555 sub
439 1499 519 1554 trabe
537 1499 620 1571 fingit
637 1517 723 1571 opus:

60 1579 133 1636 Tum
150 1585 257 1653 patitur
274 1582 365 1636 cultus
384 1600 459 1654 ager,
479 1587 508 1637 et
525 1587 677 1636 renovatur
695 1587 805 1636 aratro:

96 1661 167 1719 Haec
184 1665 251 1719 anni
267 1664 375 1720 novitas
390 1666 455 1736 jure
471 1665 597 1720 vocanda
613 1664 677 1718 firit.
862 1663 914 1718 160

59 1746 231 1815 Quaesieram
247 1747 358 1802 multis:
378 1765 435 1802 non
452 1748 548 1803 multis
566 1747 613 1802 ille
630 1752 763 1810 moratus,

96 1829 223 1885 Contulit
240 1831 270 1885 in
287 1848 385 1886 versus
403 1831 443 1886 sic
462 1849 513 1886 sua
530 1830 617 1886 verba
635 1830 713 1885 duos.
728 1856 734 1866 ¹

56 1912 165 1968 Bruma
182 1913 248 1968 novi
264 1913 355 1985 prima
372 1919 423 1976 est,
441 1913 599 1985 veterisque
616 1913 766 1968 novissima
783 1911 864 1967 solist

93 1995 266 2067 Principium
285 1995 399 2067 capiunt
416 1995 539 2051 Phoebus
557 2002 587 2052 et
604 2015 693 2051 annus
710 1997 794 2052 idem.
908 2065 910 2072 Α

55 2077 179 2133 Postea
194 2077 323 2141 mirabar,
343 2096 393 2132 cur
409 2095 466 2132 non
484 2079 543 2133 sine
561 2078 657 2133 litibus
676 2084 749 2133 esset
860 2078 911 2132 165

92 2159 189 2215 Prima
206 2160 274 2216 dies.
312 2159 431 2215 Causam
447 2161 568 2233 percipe,
587 2155 678 2216 Janus
697 2161 744 2215 ait.

55 2242 196 2314 Tempora
213 2242 338 2298 commisi
355 2245 498 2299 nascentia
514 2243 599 2299 rebus
618 2243 741 2315 agendis,

91 2324 180 2380 Totus
198 2325 234 2380 ab
252 2325 375 2397 auspicio
392 2344 428 2381 ne
447 2325 521 2381 foret
539 2344 629 2381 annus
647 2326 730 2381 iners.

54 2407 184 2478 Quisque
202 2425 267 2462 suas
284 2413 359 2463 artes
378 2407 508 2463 ebidem
527 2407 632 2463 delibet
650 2407 775 2480 agendo:

90 2489 122 2544 N
124 2509 155 2545 ec
172 2490 236 2562 plus
254 2508 338 2562 quam
356 2490 470 2546 solitum
487 2489 656 2545 testificatur
674 2508 752 2561 opus.
861 2488 914 2546 170

51 2573 128 2629 Mox
146 2591 214 2645 ego:
234 2573 301 2638 Cur,
320 2574 446 2644 quamvis
466 2573 585 2628 aliorum
602 2571 717 2626 numine
734 2571 850 2644 placem,

88 2655 112 2711 J
112 2674 174 2721 ane,
192 2656 245 2711 tibi
261 2656 352 2729 primo
370 2657 456 2711 thura
472 2673 637 2727 merumque
654 2654 736 2710 fero?

49 2739 96 2795 Ut
114 2757 168 2811 per
184 2757 230 2794 me
247 2739 337 2812 possis
356 2739 473 2803 aditum,
493 2738 542 2810 qui
559 2737 657 2793 limina
674 2754 763 2802 servo,

88 2822 138 2877 Ad
152 2840 334 2894 quoscunque
351 2822 437 2886 voles,
456 2821 556 2894 inquit,
575 2820 678 2876 habere
697 2820 772 2876 deos.
967 2893 973 2902 ἱ

46 2910 93 2966 At
112 2927 165 2965 cnr
181 2909 247 2964 lrata
264 2909 321 2964 tuis
341 2909 473 2965 dicuntur
490 2908 576 2964 verba
593 2906 739 2972 Kalendis,
862 2907 914 2964 175

16 2973 20 3008 '
83 2992 128 3048 Et
146 2992 245 3047 damus
263 2992 385 3047 alternas
404 2993 612 3064 accipimusque
629 2991 748 3063 preces?

48 3075 127 3132 Tum
146 3075 216 3130 deus
234 3075 400 3130 incumbens
418 3074 527 3138 baculo,
547 3090 630 3146 quem
648 3074 748 3129 dextra
765 3073 889 3146 gerebat,

86 3158 194 3214 Omnia
209 3157 362 3231 principiis,
381 3158 481 3229 inquit,
500 3157 592 3212 inesse
611 3156 690 3212 solet.

44 3241 97 3297 Ad
115 3241 237 3314 primam
255 3259 352 3297 vocem
370 3240 483 3295 timidas
502 3239 646 3295 advertitis
665 3257 755 3304 aures,

84 3323 129 3380 Et
147 3324 270 3398 primum
287 3325 376 3380 visam
395 3323 516 3379 consulit
534 3341 624 3395 augur
642 3340 729 3378 arem.
863 3323 916 3377 180
