2252 3706
74 908 219 966 Tuueonl
237 929 300 967 cum
318 912 407 968 causis
425 911 538 968 Latium
557 913 667 986 digesta
684 934 735 988 per
754 935 867 982 annum,

112 991 257 1066 Lapsaque
275 994 327 1050 sub
344 1001 442 1060 terres,
462 1002 579 1069 ortuque
598 998 678 1070 signs
696 1018 800 1055 canam.

76 1074 182 1149 Excipe
199 1082 308 1148 pacate,
328 1077 419 1133 Oaescr
438 1077 611 1144 Germanice,
629 1081 712 1135 vultu

112 1158 176 1214 Hoc
193 1178 272 1232 opus,
291 1165 320 1216 et
337 1161 441 1217 timidus
460 1162 549 1234 dirige
567 1163 646 1218 navis
665 1165 733 1219 iter:

77 1241 235 1314 Officioque,
253 1243 344 1299 levem
361 1262 418 1299 non
436 1251 578 1300 aversatus
595 1245 738 1310 honorem,
909 1251 926 1303 5

112 1323 188 1380 Huic
204 1325 258 1381 cibi
276 1326 376 1382 devoto
393 1327 507 1382 numine
525 1327 623 1382 dexter
640 1328 714 1385 edes.

79 1405 163 1462 Sacra
179 1426 359 1481 recognosces
377 1409 535 1465 Annalibus
553 1415 634 1465 erute
650 1409 757 1483 priscis,

112 1487 153 1544 Et
170 1508 225 1562 quo
243 1491 280 1546 sit
297 1492 397 1547 merito
415 1511 532 1565 quaeque
550 1498 647 1548 notatu
664 1493 732 1558 dies.

77 1572 206 1629 Invenies
224 1573 281 1630 illic
298 1580 328 1630 el
345 1575 418 1631 festu
436 1575 588 1632 domesticu
600 1576 696 1632 vobis:

114 1653 191 1729 Saepe
208 1656 262 1712 sibi
277 1663 358 1730 pater
375 1665 426 1721 est,
446 1677 517 1730 saepe
535 1657 670 1728 legendus
689 1676 765 1714 uuus.
893 1661 928 1716 10

78 1739 202 1811 Quaeque
219 1739 314 1795 ferunt
331 1740 373 1794 illi
389 1741 478 1812 pictos
497 1740 636 1812 signantia
653 1740 748 1805 scacos,

113 1821 157 1877 Tu
174 1839 284 1894 quoque
302 1842 365 1878 cum
382 1822 477 1878 Druso
494 1822 607 1896 praemiu
624 1822 710 1878 fratre
728 1824 810 1880 feres.

77 1905 193 1961 Gaesaiis
211 1924 287 1960 erma
305 1910 406 1961 canant
423 1905 485 1971 clii;
504 1924 555 1961 ncs
574 1905 689 1967 Oescris
708 1925 778 1972 uras,

113 1988 154 2043 Et
170 2006 349 2060 quoscunque
367 1989 451 2044 sceris
470 1989 578 2044 addicis
594 1989 642 2045 ille
660 1988 728 2045 dies.

77 2071 179 2127 Annue
197 2072 309 2126 conanti
325 2089 376 2143 per
392 2071 488 2126 leudes
506 2071 547 2126 ire
565 2077 688 2137 tuorum,
894 2074 928 2128 15

114 2153 214 2226 Deque
230 2172 293 2210 mco
310 2154 425 2228 pusidos
443 2160 541 2210 excute
559 2154 642 2210 corde
659 2158 760 2210 metus.

78 2237 125 2293 Da
141 2237 211 2292 mihi
227 2242 257 2292 le
273 2237 427 2310 placidum:
447 2237 556 2293 dederis
573 2237 604 2292 in
622 2238 744 2293 carmina
760 2237 850 2304 vireu

115 2320 265 2393 Ingenium
280 2320 362 2375 vultu
380 2325 490 2391 stetque
509 2321 638 2392 ceditque
655 2325 715 2375 tuo.

79 2403 187 2476 Pagina
200 2403 337 2476 judicium
355 2402 430 2458 docti
447 2401 574 2457 subitura
590 2408 719 2458 movetur

115 2486 261 2559 Principm,
279 2491 312 2540 ut
330 2485 423 2540 Olario
440 2483 525 2540 missa
540 2483 658 2554 legende
675 2483 736 2538 dec.
896 2484 932 2539 ‘20

80 2569 152 2638 Quae
169 2569 206 2624 sil
224 2568 298 2624 enim
316 2568 384 2624 culti
401 2566 531 2622 facundia
550 2565 686 2620 sensimus
704 2564 768 2628 oris,
898 2559 900 2568 ’

116 2651 211 2707 Civica
226 2667 278 2724 pro
294 2649 411 2723 trepidis
429 2668 493 2705 cum
511 2648 577 2704 tulit
596 2647 754 2702 armareis.

79 2733 190 2790 Scimus
207 2739 245 2798 et,
264 2734 301 2789 ad
317 2739 426 2788 nostras
445 2749 509 2786 cum
527 2749 556 2786 se
573 2729 640 2784 tulit
657 2729 779 2800 impetus
798 2732 882 2793 artes,

114 2817 228 2889 Ingenii
245 2822 358 2872 esmant
375 2813 491 2869 fiumina
509 2817 614 2884 quanta
631 2811 682 2866 tul.

77 2901 110 2958 Si
124 2899 199 2964 licet,
218 2906 247 2955 et
264 2899 306 2954 fas
325 2904 376 2963 est,
391 2903 469 2952 vates
486 2913 553 2967 rege
570 2893 644 2950 vatis
661 2893 794 2958 habenas,
896 2893 931 2950 25

13 2985 14 2994 ’
112 2982 236 3054 Auspice
253 2986 283 3037 te
300 2979 368 3036 felix
384 2984 461 3035 totus
479 2984 512 3036 ut
530 2995 619 3032 annus
638 2982 692 3032 eat.

75 3065 219 3137 Tempore
237 3064 376 3136 digereret
393 3081 457 3118 cum
475 3061 603 3117 conditor
619 3059 707 3124 urbis,
726 3059 757 3114 in¹
775 3076 849 3113 anno

114 3147 272 3203 Constituit
288 3163 397 3202 menses
416 3145 540 3217 quinque
557 3143 600 3198 bis
620 3160 680 3198 esse
699 3159 759 3198 suc.

77 3231 196 3288 Scilicet
213 3247 291 3286 arma
307 3229 406 3302 magis,
426 3245 513 3299 quam
531 3226 630 3290 sideru,
650 3223 777 3290 Remulo,
797 3239 896 3280 noras:

114 3313 247 3386 Ourcque
264 3311 398 3368 finitimos
416 3311 527 3366 vincere
545 3310 635 3382 major
652 3313 722 3364 erat.
899 3306 935 3360 30
