2252 3706
107 167 181 240 111]
475 168 600 226 FAS‘PI.
923 175 957 236 67

104 311 195 384 Inque
212 315 311 384 patens
329 329 431 384 aequor,
449 311 555 368 fnistra
572 317 715 384 pugnante
733 315 876 385 magistro,

139 394 258 450 Fertur:
279 400 308 449 et
325 413 360 450 ex
376 395 463 451 oculis
480 395 541 450 visa
558 394 663 467 refugit
680 397 790 454 humus.
905 402 959 454 690

105 477 246 533 Adsiliunt
264 476 375 542 fluctus,
395 478 506 548 imoque
525 494 541 531 a
559 478 670 550 gurgite
688 485 790 550 pontus

139 559 278 622 Vertitur,
296 566 326 615 et
344 577 426 614 canas
444 559 539 614 alveus
557 559 651 614 haurit
669 579 763 632 squas.

104 641 237 697 Vincitur
254 661 298 698 ars
316 648 415 697 vento:
435 660 488 696 nec
502 643 562 712 jam
579 643 740 700 moderator
756 645 871 702 habenis

139 725 246 789 Utitur,
265 730 295 780 at
312 724 384 779 votis
402 723 426 778 is
442 741 555 794 quoque
573 725 663 795 poscit
680 744 771 798 opem.

104 807 235 863 Jactatur
251 807 372 862 tumidas
390 806 470 862 exsul
487 803 633 864 Phoenissa
650 827 701 878 per
718 809 816 874 undas,
906 814 958 868 595

139 888 320 960 Humidaque
338 889 467 960 opposita
483 887 589 944 lumina
605 896 683 944 veste
700 891 780 962 tegit.

104 971 176 1028 Tum
193 972 315 1043 primum
332 971 409 1026 Dido
426 971 494 1026 felix
511 977 554 1026 est
573 972 649 1028 dieta
666 974 763 1038 sorori,

137 1059 179 1113 Et
196 1077 366 1130 quecunque
384 1058 506 1129 aliquam
525 1076 639 1130 corpore
656 1061 759 1130 pressit
775 1061 901 1117 humum.

103 1140 215 1214 Figitur
233 1141 269 1197 ad
286 1141 411 1198 Laurens
428 1141 537 1212 ingenti
555 1141 666 1200 flamine
683 1141 763 1198 littus

138 1225 261 1297 Puppis:
282 1231 319 1288 et,
338 1225 469 1298 expositis
488 1223 625 1289 omnibus,
645 1224 746 1281 hausta
762 1227 844 1298 perit.
906 1231 960 1283 600

102 1307 170 1363 Jam
187 1308 250 1380 pius
268 1307 373 1364 AEneas
391 1325 479 1378 regno
496 1312 617 1377 nataque
636 1305 732 1362 Iatiai

137 1391 248 1444 Auctus
267 1394 336 1453 erat,
354 1389 471 1462 populos
488 1389 694 1459 miscueratque
712 1389 790 1446 dnos.

101 1470 213 1528 Littore
231 1471 326 1536 dotali,
345 1471 404 1526 solo
422 1472 570 1528 comitatus
588 1471 706 1535 Achate,

139 1557 285 1614 Secretum
302 1558 379 1613 nudo
393 1558 460 1613 dum
477 1557 550 1630 pede
569 1558 659 1630 carpit
675 1558 746 1623 iter,

100 1641 233 1713 Adspicit
250 1646 397 1704 errantem,
416 1659 468 1695 neo
486 1640 599 1696 credere
617 1639 867 1698 sustinet'Annam
907 1644 959 1697 606

137 1724 219 1779 Esse.
257 1723 334 1792 Quid
350 1724 381 1778 in
398 1722 493 1777 letior
511 1722 560 1777 illa
577 1723 686 1778 veniret
704 1723 807 1794 agros?

100 1806 182 1862 Dum
200 1824 294 1862 secum
311 1805 431 1860 AEneas:
451 1804 536 1860 Anna
553 1811 605 1868 est,
624 1805 761 1860 exclamat
779 1805 911 1860 Achates.

138 1888 187 1943 Ad
204 1906 305 1943 nomen
322 1887 416 1943 vultus
435 1887 549 1942 sustulit
567 1887 615 1942 illa
634 1905 707 1943 suos.

101 1971 170 2040 Quo
186 1970 297 2042 fugiat?
315 1969 384 2041 quid
402 1969 490 2041 agat?
509 1987 579 2042 quos
597 1975 679 2026 terre
698 1976 803 2041 querat
820 1969 935 2026 hiatusl

137 2054 215 2108 Ante
233 2053 325 2108 oculos
342 2053 450 2107 miseras
468 2051 526 2107 feta
544 2053 646 2108 sororis
664 2057 754 2107 erent.
907 2056 961 2109 610

101 2135 208 2199 Sensit,
228 2141 258 2190 et
275 2135 424 2207 alloquitur
441 2135 580 2207 trepidam
599 2134 766 2207 Cythereius
783 2134 882 2190 heros:

136 2217 205 2273 Flet
221 2222 317 2272 tamen
334 2217 478 2273 admonitu
495 2217 602 2281 mortis,
622 2217 723 2281 Elissa,
743 2223 807 2272 tue.

99 2301 195 2363 Anna,
213 2318 265 2371 per
281 2299 353 2354 hanc
367 2301 442 2371 juro,
461 2317 545 2370 quam
563 2298 704 2370 quondam
722 2299 818 2354 audire
836 2299 944 2354 solebas

137 2381 281 2437 Tellurem
298 2381 356 2436 fato
373 2382 548 2453 prosperiore
567 2381 643 2445 drri;

99 2464 216 2536 Perque
233 2465 299 2520 deos
318 2465 441 2527 comites,
459 2464 513 2520 hac
530 2483 621 2536 nuper
639 2463 704 2520 sede
722 2464 837 2527 locatos,
903 2467 958 2520 615

138 2546 220 2618 Sepe
237 2565 313 2602 meas
330 2546 392 2601 illos
410 2546 581 2618 increpuisse
599 2563 700 2602 moras.

98 2629 167 2686 Nec
182 2629 266 2684 timui
283 2628 317 2684 de
335 2635 425 2686 morte
442 2635 552 2685 tamen:
574 2634 665 2686 metus
684 2627 774 2684 abfuit
791 2627 852 2684 iste.

136 2709 208 2766 Heu
225 2711 309 2766 mihil
329 2711 455 2766 credibili
471 2710 571 2766 fortior
588 2711 638 2766 illa
654 2709 718 2766 fuit.

97 2793 149 2850 Ne
168 2793 251 2848 refer.
286 2793 412 2864 Adspexi
428 2811 485 2848 non
502 2793 551 2850 illo
568 2800 681 2864 pectore
698 2792 784 2862 digna

136 2874 274 2939 Vulnera,
293 2875 440 2932 Tartareas
458 2893 542 2930 ausus
561 2875 638 2930 adire
657 2874 763 2934 domos,
906 2877 960 2930 620

96 2957 142 3012 At
160 2962 203 3020 tu,
223 2975 273 3012 reu
288 2958 361 3014 ratio
378 2963 407 3012 te
426 2957 529 3012 nostris
548 2956 657 3030 appulit
675 2955 739 3020 oris,

5 3014 43 3085 Ι)
137 3038 206 3094 Sive
224 3039 308 3104 deus;
327 3040 408 3111 regni
426 3039 570 3096 commoda
588 3057 670 3111 carpe
688 3039 752 3094 mei.

95 3121 201 3178 Malta
216 3121 270 3176 tibi
287 3139 432 3185 memores,
451 3121 494 3176 nil
509 3139 567 3176 non
585 3121 720 3177 dehemus
737 3119 845 3176 Elissae.

133 3203 262 3259 Nomine
280 3210 360 3274 grata
378 3210 436 3267 tuo,
455 3209 537 3274 grata
554 3203 665 3266 sororis,
683 3202 748 3258 eris.

95 3284 182 3341 Talia
199 3285 312 3349 dicent,
331 3304 423 3357 neque
442 3286 516 3341 enim
534 3303 598 3356 spes
617 3285 706 3340 altera
722 3288 820 3346 restat,
908 3285 961 3338 625

134 3367 275 3432 Credidit,
294 3386 402 3427 errores
420 3367 603 3439 exposuitque
622 3383 696 3420 suos.
746 3446 763 3499 5
799 3444 818 3497 2
