2250 3704
85 147 155 219 ru]
449 140 575 202 resin.
907 153 941 206 se

85 293 186 350 Omnis
205 313 299 366 eques,
317 294 460 365 mixtaque
479 294 571 365 gravis
591 312 653 349 cum
670 294 753 366 plebe
772 299 893 360 senatus,

121 377 229 434 Obvius
248 378 285 432 sd
301 376 385 431 Tusci
402 375 523 431 fluminis
541 395 590 431 ore
607 377 693 432 venit.

85 459 248 516 Procedant
265 461 371 532 pariter
389 465 501 523 matres,
510 465 646 531 netaeque,
664 478 824 531 nurusque余
889 462 941 516 295

122 544 248 616 Quoeque
267 543 362 598 colunt
379 548 489 598 sanctos
506 543 668 614 virginitate
686 543 770 599 focos.

87 626 192 682 Sedulo
209 627 277 682 fune
294 626 348 681 viri
366 631 497 681 contento
514 625 629 682 brachie
648 626 770 692 insscnt3

120 711 179 765 Vix
196 710 272 765 subit
290 709 419 764 adversas
436 708 548 780 hospite
564 710 644 764 nevis
663 728 758 780 equas.

0 783 10 808 '
88 793 169 849 Sicca
186 793 236 849 diu
253 793 336 847 tellus
354 791 460 846 fueret:
482 792 542 847 sitis
560 799 670 847 usserat
687 793 804 848 herbae:

123 876 205 932 Sedit
221 876 319 931 limoso
337 893 433 946 pressa
452 875 546 930 carine
562 875 650 930 vado:
889 878 943 932 300

86 959 223 1030 Quisquis
241 958 321 1014 adest
338 958 424 1029 operi,
443 957 505 1029 plus
524 975 608 1028 quum
626 975 678 1029 pro
695 963 775 1030 perte
792 958 917 1023 laborat余

122 1042 250 1114 Adjuvet
268 1047 297 1098 et
314 1041 401 1096 fortes
419 1059 486 1096 voce
505 1046 622 1096 sonante
640 1060 747 1098 monus.

87 1124 144 1180 Ille
161 1124 241 1180 velut
257 1123 350 1178 medio
368 1122 475 1178 stabilis
494 1123 573 1179 sedet
590 1123 682 1178 insuin
699 1129 793 1195 ponto.

123 1207 248 1262 Attoniti
265 1212 391 1261 monstro
409 1211 540 1278 stentque
557 1212 716 1278 paventque
734 1207 797 1262 viri.

88 1290 206 1346 Claudia
224 1289 332 1358 Quinte
349 1307 435 1360 genus
455 1288 556 1345 clauso
573 1288 714 1345 referebat
731 1289 767 1345 cb
786 1290 858 1355 eit03
890 1293 942 1346 305

123 1373 186 1428 Nec
204 1373 287 1428 fecies
306 1372 395 1445 imper
412 1371 559 1427 nobilitate
577 1372 640 1427 fuit.

87 1456 173 1512 Casta
191 1455 320 1526 quidem3
341 1455 464 1510 sednon
483 1462 512 1510 et
530 1455 644 1511 credite.
680 1455 789 1512 Rumor
807 1455 919 1528 iniquus

123 1538 255 1602 Laesemt,
275 1545 304 1593 et
321 1537 385 1592 frisi
402 1538 525 1593 oriminis
544 1544 607 1594 ecta
621 1556 670 1594 rea
688 1545 740 1594 eet.

88 1622 197 1686 Cultus,
217 1628 247 1677 et
264 1621 368 1676 ornetis
385 1621 462 1676 reric
479 1621 605 1693 prodisse
624 1621 737 1694 cupillis,

125 1705 235 1769 obfuit,
255 1705 291 1760 ed
307 1704 413 1776 rigidos
431 1711 597 1776 promteque
614 1704 711 1776 lingue
728 1723 817 1760 senes.
890 1708 944 1761 310

88 1788 207 1844 Conscia
224 1805 302 1842 mens
320 1787 390 1842 recti
407 1787 488 1842 femae
502 1787 651 1864 'mendacin
667 1787 745 1842 risit:

125 1870 183 1926 Sed
200 1889 251 1925 nos
268 1871 298 1925 in
315 1870 415 1925 vitium
433 1869 547 1925 credule
563 1870 648 1925 turba
666 1887 770 1926 sumus.

87 1953 160 2009 Hoec
177 1954 226 2008 ubi
245 1960 383 2009 castarum
399 1953 535 2024 processit
553 1953 588 2007 eb
608 1954 718 2025 agmine
735 1959 865 2018 metrum,

123 2036 165 2092 Et
182 2037 310 2092 manibus
328 2053 428 2107 purum
445 2034 567 2090 fluminis
585 2035 679 2091 hausit
697 2055 814 2108 equam

88 2119 146 2176 Ter
163 2125 247 2191 ceput
264 2120 372 2183 irroret,
392 2124 436 2175 ter
453 2118 529 2174 tollit
545 2119 576 2174 in
594 2119 698 2174 ethere
714 2120 828 2191 pelnres.
890 2122 942 2176 315

124 2202 293 2274 Quicunque
311 2201 476 2275 adspiciunt,
494 2207 589 2256 mente
608 2221 701 2258 cerere
719 2208 828 2274 putent.

89 2286 289 2356 Submissoque
307 2303 389 2356 genu,
408 2284 502 2340 vultus
520 2285 551 2339 in
569 2285 689 2356 imegine
708 2285 777 2340 divae

123 2369 211 2441 Figit,
231 2375 259 2423 et
276 2368 327 2423 hos
346 2367 404 2423 edit
422 2367 497 2423 crine
513 2368 624 2439 jacente
643 2386 739 2422 sonos:

89 2451 238 2524 supplicis,
257 2451 337 2515 elme,
355 2456 419 2514 mre,
439 2450 560 2522 genitrix
577 2449 697 2505 fecunde
714 2450 838 2515 deorum,

123 2534 229 2605 Accipe
247 2535 300 2590 sub
318 2540 394 2589 certa
412 2533 570 2589 conditione
587 2551 692 2605 preces.
889 2535 944 2589 320

88 2617 174 2673 Ceste
191 2635 285 2688 negor.
324 2615 355 2672 Si
371 2622 405 2671 tu
423 2607 546 2680 durnneu
565 2615 700 2670 meruisse
718 2615 836 2672 fatebor.

124 2699 222 2755 Morte
239 2700 314 2754 luam
332 2717 427 2771 poenes
442 2699 537 2770 judice
555 2699 630 2754 victe
647 2699 708 2754 dee.

89 2783 147 2840 Sed
165 2783 190 2838 si
208 2783 312 2838 crimen
329 2782 417 2846 abest,
436 2787 470 2836 tu
487 2786 588 2837 nostre
605 2781 723 2852 pignore
739 2782 805 2838 vitae

17 2877 19 2889 続
123 2865 170 2921 Re
188 2865 276 2929 debis,
295 2871 324 2921 et
342 2870 432 2920 castas
451 2871 526 2920 cesta
544 2882 660 2937 sequere
677 2883 786 2920 manus.

18 2907 37 3044 i
88 2949 187 3013 Dixit3
208 2955 237 3004 et
255 2948 354 3020 exiguo
372 2946 469 3002 funem
487 2947 630 3002 conamine
648 2947 742 3002 traxit.
892 2951 944 3004 325

124 3031 211 3096 Mira,
231 3031 281 3086 sed
298 3035 328 3086 et
345 3049 428 3086 scene
445 3029 596 3086 testificata
612 3029 719 3101 loquer.

86 3115 233 3172 Motedee
243 3119 301 3178 est余
322 3113 504 3185 sequiturque
516 3112 624 3176 ducem,
634 3112 785 3185 leudntqne
793 3114 943 3185 sequendo.

121 3199 217 3254 Index
233 3197 336 3252 laetitiae
354 3195 444 3252 fertur
461 3196 492 3250 in
510 3201 585 3251 estre
602 3214 695 3250 sonus.

85 3280 228 3340 Fluminis
246 3279 283 3334 nd
299 3278 403 3334 flexum
420 3279 553 3334 veniunt:
574 3277 706 3333 Tiberine
722 3278 829 3348 priores

120 3363 207 3422 Ostia
225 3362 365 3428 dixerunt,
384 3361 459 3418 unde
478 3360 591 3417 sinister
609 3360 677 3414 obit.
892 3362 945 3414 330
