2250 3704
69 103 137 180 vs]
431 111 558 171 mem.
869 121 921 178 129

69 254 148 323 Quid
164 254 275 320 mirum,
293 256 373 328 virgo
391 257 416 313 si
432 258 540 330 virgine
558 259 623 316 laete
639 261 767 318 ministra

11 391 14 396 .
102 338 239 394 Admittit
255 345 344 394 castas
361 340 392 395 in
409 359 460 396 sue
477 359 556 398 saera
573 344 694 399 manus?
866 347 922 402 290

67 420 132 476 Nee
150 427 184 478 tu
201 421 277 477 aliud
287 421 414 486 Vestem.
427 442 512 495 quam
522 425 615 480 vivam
627 427 751 500 intellige
763 427 921 496 flammam

102 503 235 577 Nataque
253 504 288 561 de
306 503 418 560 flamma
436 525 552 578 eoi-pera
568 509 648 564 nulla
663 511 751 566 vides.

66 586 140 642 Jure
158 587 244 659 igitur
262 588 341 660 virgo
359 594 410 651 est,
429 607 490 660 quae
509 591 616 646 semina
632 592 710 648 nulia
727 594 855 660 remittit,

9 708 25 744 ὁ
102 668 167 725 Nee
185 670 272 742 capit:
292 677 321 726 et
338 671 453 727 eomites
470 672 640 744 virginitatis
658 674 753 731 habet.

67 751 140 808 Esse
159 752 208 809 diu
225 753 329 809 stultus
347 752 443 809 Vesta
462 754 609 812 simulacra
624 758 737 829 putavi:
868 762 922 818 295

105 834 177 890 Mox
195 835 280 892 didiei
297 855 382 892 eurio
399 836 477 894 nulla
494 839 606 896 subesse
623 840 709 896 thole.

69 917 152 990 Ignis
169 918 337 975 inextinctus
356 919 461 993 templo
481 921 588 977 celatur
604 923 634 978 in
652 923 709 979 illo.

104 999 234 1073 Effigiem
251 1001 357 1058 nnllam
373 1001 470 1067 Veste,
489 1022 541 1060 nee
558 1005 639 1077 ignis,
658 1006 773 1063 habent.

69 1083 136 1140 Stet
152 1085 182 1140 vi
198 1090 275 1140 terra
292 1103 357 1140 sna:
375 1085 406 1140 vi
423 1086 523 1141 stando
540 1087 632 1143 Vesta
648 1096 773 1145 vocatur.

104 1167 252 1240 Causaque
268 1187 321 1242 par
338 1167 418 1224 Graii
436 1169 557 1224 nominis
576 1189 636 1227 esse
654 1178 756 1243 potest.
870 1173 924 1231 300

67 1251 110 1306 At
127 1251 206 1306 foeus
224 1269 242 1305 a
258 1250 384 1315 flamme,
403 1255 434 1306 et
451 1252 528 1323 quod
545 1252 623 1310 fovet
641 1255 741 1320 omnia,
761 1255 868 1312 dietus:

106 1333 166 1402 Qui
182 1339 277 1388 tamen
293 1335 324 1389 in
340 1332 437 1405 primis
455 1333 562 1390 adibus
580 1342 647 1393 ante
664 1336 728 1393 fuit.

68 1414 149 1472 Hine
167 1434 278 1489 queque
294 1416 465 1472 vestibulum
482 1417 538 1472 diei
555 1436 635 1474 reor:
654 1420 721 1476 inde
737 1421 880 1492 precando

104 1497 234 1554 Affamur
251 1498 376 1564 Vestam,
395 1517 457 1572 quae
474 1499 535 1556 loen
551 1501 642 1573 prima
658 1508 746 1559 tenes.

68 1584 149 1638 Ante
166 1580 241 1637 foeos
260 1582 327 1637 olim
344 1582 435 1654 longis
453 1583 597 1640 considere
615 1587 734 1642 eeamnis
871 1589 924 1644 305

105 1664 174 1720 Mos
192 1670 260 1728 erat,
279 1669 427 1722 otmense
444 1665 558 1722 eredere
576 1667 673 1722 adesse
693 1669 769 1724 deos.

67 1747 158 1805 Nune
176 1765 295 1819 quoque,
314 1767 378 1804 eum
396 1747 468 1804 fiunt
486 1749 608 1821 antique
626 1768 705 1806 saera
721 1750 852 1818 Vaesana,

104 1830 182 1886 Ante
200 1829 357 1886 Veeunales
375 1837 506 1905 stantque
524 1832 679 1906 sedentque
697 1833 784 1890 foeos.

9 1929 10 1934 ¹
67 1913 160 1969 Venit
176 1913 207 1969 in
223 1913 274 1969 hos
292 1931 378 1970 annos
396 1915 502 1988 aliquid
520 1915 555 1971 de
573 1934 651 1972 more
668 1923 797 1973 vetustos

102 1996 175 2052 Fert
191 1997 289 2052 missos
307 1996 402 2054 Veste
419 2017 491 2070 pura
507 1999 611 2071 patella
630 1998 715 2056 eibos.
870 2002 925 2056 310

64 2079 145 2136 Eeee
163 2080 300 2136 eoronatis
317 2081 397 2151 panis
416 2081 556 2153 dependet
575 2083 676 2148 asellis,

104 2161 148 2218 Et
164 2163 259 2218 velant
276 2162 386 2216 scabras
404 2161 503 2218 florida
520 2170 596 2219 serta
612 2166 709 2220 moles.

70 2245 142 2303 Sola
158 2246 237 2318 prius
255 2242 345 2298 furnis
362 2243 508 2298 torrebant
525 2243 601 2299 farre
618 2245 725 2312 coloni3

103 2326 147 2384 Et
164 2324 312 2383 Fornacali
329 2329 396 2379 sunt
413 2342 464 2380 sue
481 2342 560 2380 saera
578 2326 645 2382 dee.
877 2371 881 2378 .

66 2410 254 2484 suppositum
271 2407 358 2464 eineri
374 2425 476 2479 panem
493 2407 572 2463 focus
589 2407 650 2480 ipse
666 2410 798 2480 parabam
870 2413 923 2467 315

106 2493 259 2565 Strataque
276 2497 337 2547 eret
353 2490 451 2563 tepido
468 2490 566 2563 tegula
582 2509 684 2563 quassa
701 2493 769 2547 solo.

64 2575 144 2633 Inde
162 2576 256 2631 foenm
273 2579 366 2631 servat
382 2575 479 2646 pistor,
499 2574 694 2646 dominamque
712 2574 846 2639 foeornm,

105 2659 149 2714 Et
166 2676 228 2732 qna
245 2658 385 2730 pnmieeas
402 2663 496 2713 versat
513 2657 599 2712 asella
615 2658 713 2713 moles.

66 2743 251 2805 Praeteream,
270 2740 426 2796 referamne
443 2745 533 2805 tuum,
551 2739 707 2796 rubicunde
725 2739 836 2813 Priape,

106 2823 261 2880 Dedecus?
280 2829 322 2878 est
339 2823 422 2878 multi
439 2823 534 2878 fabula
550 2823 634 2894 plena
647 2822 713 2895 joei.
874 2823 928 2879 320

10 2889 12 2944 1
68 2907 225 2977 Turrigero.
241 2905 363 2961 frontem
381 2905 488 2978 Cybele
505 2905 636 2961 redimita
654 2923 756 2961 eorona

10 2967 31 3017 3
108 2989 250 3046 Gonvoeat
267 2994 384 3045 oeternos
403 2988 440 3044 ad
457 3006 509 3043 sua
525 2987 598 3043 festa
615 2987 690 3044 deos.

68 3074 215 3130 Convoeat
232 3077 262 3127 et
281 3070 405 3144 Satyros,
424 3077 454 3126 et
470 3071 575 3126 rustice
592 3071 708 3127 numina
725 3069 883 3142 Nymphas.

110 3154 231 3219 Silenus,
249 3155 375 3226 quamvis
393 3171 475 3210 nemo
492 3157 614 3217 vocarat,
633 3152 721 3209 adest

70 3238 139 3296 Nee
150 3237 224 3301 lieet,
238 3242 267 3292 et
277 3237 393 3309 longum
405 3243 448 3293 est
460 3236 556 3308 epulas
574 3254 689 3292 nemra
706 3235 839 3292 deorum:
875 3237 927 3292 355

111 3319 149 3376 In
166 3319 255 3376 multo
273 3337 329 3374 nox
346 3325 390 3376 est
406 3318 573 3392 pervigilata
590 3337 678 3376 mero.

148 3419 230 3460 orm.
244 3417 321 3457 rasr.
770 3405 789 3460 9
