2250 3704
178 86 214 140 90
408 84 441 139 P.
462 82 601 139 OVIDII
619 81 796 140 NASONIS
956 87 1034 158 [Lis.

176 225 328 284 Excutitur
345 246 442 284 somno
460 229 546 284 stulte
564 228 611 301 pia
628 235 732 294 meter3
758 235 787 285 et
805 247 911 293 emens,
986 233 1036 287 555

212 309 289 378 Quid
307 311 395 366 fecis?
417 312 569 376 exclamat3
587 312 769 384 membraque
787 312 823 367 eb
841 313 908 382 igne
926 314 1011 386 rapit.

177 391 230 448 Oui
248 393 308 458 dee,
327 393 404 449 Dum
423 413 535 459 nones,
555 395 633 458 dixit,
653 394 788 450 seelerete
804 394 901 450 fuisti:
1108 402 1109 482 l

211 475 298 530 Irrita
316 483 442 531 materno
461 483 527 532 sunt
544 496 607 532 mee
625 477 699 532 done
715 483 801 533 metu.
1109 492 1110 558 l

175 556 235 612 Iste
253 559 366 630 quidem
383 559 508 614 morulis
527 560 597 624 erit;
617 560 667 614 sed
685 561 791 632 primus
811 559 912 624 arabit,
1097 582 1112 688 p

211 640 252 695 Et
270 647 351 706 seret,
371 648 400 696 et
418 643 494 697 culte
511 643 625 714 praemie
641 643 723 698 tollet
740 641 835 698 humo.
987 647 1043 700 560
1076 674 1104 708 w,

176 723 265 788 Dixit,
285 731 314 780 et
334 725 480 796 egrediens
499 726 603 781 nubem
621 726 717 790 trehit,
736 727 822 798 inque
841 725 978 782 dracones
1112 760 1113 804 q

213 805 333 871 Tbansit
352 813 381 862 et
399 808 505 880 eligere
522 809 632 864 tollitur
650 827 701 864 exe
720 807 814 864 Ceres.

180 888 288 946 Sunion
306 891 471 962 expositum,
491 891 636 963 Piraeeque
653 897 717 946 tute
733 909 846 946 recessu

213 972 336 1045 Linquit,
356 973 432 1028 etin
451 974 581 1028 dextrum
600 992 661 1046 quae
677 975 753 1045 jeoet
771 992 821 1028 ora
838 972 923 1028 letus.

178 1053 254 1110 Hine
272 1056 325 1110 init
342 1055 479 1126 AEgaeum‚
493 1074 549 1126 quo
561 1055 697 1128 Cyclades
710 1055 829 1127 edspieit
840 1073 957 1110 omnes:
986 1055 1043 1110 565

213 1137 381 1209 Ioniumque
400 1156 487 1209 rapax
505 1137 683 1210 Icariumque
701 1137 786 1208 legit:

177 1219 288 1292 Perque
306 1221 389 1276 urbes
408 1221 483 1276 Asiae
500 1221 616 1294 longum
634 1221 706 1293 petit
725 1220 960 1292 Hellespontum:

213 1303 421 1374 Diversumque
439 1304 507 1358 loeis
526 1304 582 1359 alte
598 1310 726 1376 pererrat
743 1304 806 1358 iter.

178 1390 254 1446 Nem
271 1391 354 1445 modo
372 1391 526 1463 thurilegos
545 1391 661 1454 Arabes,
680 1390 763 1446 modo
782 1389 901 1461 despicit
918 1389 1034 1444 Indos:
1119 1386 1120 1392 ’

214 1472 290 1528 Hine
309 1473 405 1545 Libys,
424 1475 490 1529 hino
508 1474 608 1528 Meroe
626 1474 752 1545 siccaque
770 1479 847 1528 terra
864 1472 975 1528 subest.
985 1473 1025 1531 57
1027 1477 1048 1528 Ο
1120 1476 1121 1482 ’

177 1555 263 1612 Nune
281 1557 340 1612 edit
359 1557 521 1628 Hesperios,
540 1557 681 1620 Rhenum,
700 1556 936 1626 Rhodanumque,
1121 1564 1122 1576 ³

285 1639 458 1712 Padumque,

214 1720 308 1794 Teque
326 1723 421 1778 future
439 1741 548 1794 parens,
568 1721 655 1786 Tibri,
674 1722 797 1793 potentis
815 1740 903 1793 equae.

180 1803 245 1872 Quo
263 1805 358 1860 feror?
377 1807 544 1861 immensum
562 1811 605 1860 est
623 1811 728 1860 erratas
747 1804 839 1860 dicere
857 1811 964 1860 terme:

214 1887 377 1943 Praeteritus
396 1888 492 1944 Cereri
510 1887 602 1944 nullus
620 1887 650 1942 in
668 1888 735 1943 orbe
754 1888 840 1942 loeus.

178 1969 264 2026 Erret
282 1978 312 2027 et
329 1972 358 2026 in
377 1973 460 2027 eoelo:
480 1971 635 2043 liquidique
653 1971 789 2025 immunia
805 1971 885 2042 ponti
990 1972 1059 2030 575

215 2053 381 2126 Alloquitur
399 2055 491 2125 gelido
508 2055 635 2126 proxime
653 2055 733 2126 signe
749 2054 823 2126 pole.

179 2137 360 2193 Perrhssides
380 2137 475 2200 stellae,
493 2156 614 2208 nemque
632 2138 726 2192 omnis
742 2155 824 2191 nosse
842 2136 973 2208 potestis,

215 2219 372 2291 AEquoress
391 2239 536 2292 nunquam
554 2239 618 2275 oum
636 2219 758 2276 subeatis
777 2237 877 2291 equas:

181 2301 380 2374 Persephonen
397 2303 504 2359 misere
523 2309 619 2358 netem
636 2308 790 2358 monstrate
808 2301 928 2373 parenti.

216 2385 343 2441 Dixerat.
382 2387 459 2441 Huio
478 2386 578 2442 Helice
595 2386 664 2440 talia
680 2386 766 2441 verbs
782 2385 887 2440 refert:
993 2390 1072 2448 580

182 2468 303 2526 Crimine
322 2488 376 2525 nox
394 2488 482 2524 veoue
500 2475 551 2524 est.
590 2468 683 2524 Solem
701 2470 736 2524 de
753 2469 863 2540 virgine
880 2473 967 2540 rapte

217 2551 347 2616 Consule,
367 2552 416 2624 qui
433 2552 490 2608 lete
508 2551 583 2606 facte
600 2551 701 2607 diurna
717 2551 803 2606 videt.

182 2632 231 2689 Sol
249 2634 350 2698 editus,
370 2633 463 2702 Quem
482 2635 591 2705 queris,
611 2635 660 2698 ait,
678 2653 715 2689 ne
732 2652 805 2689 vena
822 2632 944 2697 labores,

216 2716 315 2789 Nupta
334 2717 355 2772 J
356 2719 415 2773 ovis
434 2718 515 2772 fratri
532 2717 618 2772 tertis
634 2736 722 2790 regne
739 2721 826 2771 tenet.

181 2799 290 2868 Queste
308 2801 357 2855 diu
375 2819 468 2856 seeum
487 2801 527 2855 sio
545 2806 589 2856 est
607 2799 693 2856 effeta
711 2799 883 2855 Tonantem:
999 2807 1086 2870 585

217 2883 399 2956 Maximeque
417 2885 448 2938 in
465 2883 547 2940 vultu
565 2884 647 2955 signe
665 2884 784 2938 dolentis
804 2888 899 2938 erunt:

183 2965 215 3021 Si
231 2985 340 3022 memor
358 2985 396 3029 es,
416 2967 451 3021 de
470 2985 526 3038 quo
543 2966 613 3021 milri
631 2967 668 3021 sit
687 2966 855 3038 Proserpina
872 2971 949 3030 nete,

220 3047 377 3102 Dimidium
395 3068 467 3103 ourae
486 3050 570 3104 debet
587 3047 692 3104 habere
710 3055 774 3104 tue.

184 3123 263 3175 Orbe
281 3133 433 3193 pererrato,
454 3130 512 3182 sols
530 3135 573 3184 est
591 3130 696 3200 injuria
713 3131 781 3185 fnoti

220 3199 354 3270 Cognite3
375 3209 513 3262 commissi
530 3211 644 3280 premia
660 3218 758 3283 raptor
775 3212 870 3268 hebet.
1014 3231 1099 3298 590
