2250 3704
148 98 248 152 88.
378 93 412 150 P.
431 93 570 150 OVIDII
588 91 765 150 NASONIS
923 95 1007 168 [Lra.
1120 91 1121 104 ¹

146 239 268 313 Jamque
286 239 460 305 Peloriaden,
479 240 666 314 Lilyboeaque,
682 242 798 314 jamque
816 242 972 316 Pachynon
1121 278 1122 354 p

183 322 338 388 Lustrarat,
357 330 438 379 terrae
457 342 562 379 cornua
578 324 668 396 prima
686 343 751 380 suae.
952 329 1009 382 480
1121 359 1122 396 q

148 406 321 478 Quacunque
339 407 503 478 ingreditur,
522 407 631 462 miseris
649 406 711 462 loca
729 413 829 464 cuncta
847 408 970 481 querelis

183 489 296 561 Implet,
314 496 347 545 ut
365 491 496 545 amissum
514 507 578 545 cum
596 490 684 562 gemit
702 490 758 546 ales
777 491 854 562 Ityn.

147 571 258 644 Perque
275 573 349 628 vices
366 571 458 637 modo,
471 572 659 644 Persephone,
677 573 769 637 modo,
789 574 870 638 Filia,
889 574 1003 630 elamat.

184 655 301 719 Clamat,
320 662 350 711 et
367 656 481 711 alternis
499 673 601 710 nomen
618 661 770 728 utrumue
789 657 852 712 ciet.

149 737 205 794 Sed
222 758 312 811 neque
330 738 509 810 Persephone
528 738 667 803 Cererem,
687 758 779 811 neque
797 740 855 794 filia
872 745 996 795 matrem

182 822 287 888 Audit3
307 829 336 878 et
354 821 467 877 alternis
485 839 587 876 nomen
604 827 756 894 utrumque
773 823 856 895 perit.
950 825 1008 878 486
1122 802 1123 870 l

146 903 275 977 Unaque,
293 910 433 977 pastorem
450 904 567 960 vidisset
585 922 621 959 aa
639 923 706 960 arva
723 905 868 969 colentem,

182 986 248 1043 Vox
265 993 333 1052 erat,
353 986 417 1043 Hac
435 1005 547 1059 gressus
565 987 646 1058 siqua
662 987 756 1059 puella
774 988 860 1043 tulit?

146 1069 214 1125 Jam
232 1071 307 1126 color
324 1090 397 1126 unus
414 1071 487 1126 inest
504 1071 597 1134 rebus,
616 1071 796 1141 tenebrisque
814 1075 952 1142 teguntur

183 1152 301 1209 Omnia:
317 1155 377 1226 jam
392 1153 491 1226 vigiles
510 1153 667 1208 conticuere
686 1171 776 1208 canes.
951 1156 1010 1210 490

145 1235 215 1291 Alta
228 1237 304 1307 jacet
321 1236 393 1291 vesti
411 1254 495 1308 super
512 1254 562 1290 ora
580 1235 727 1308 Typhoeos
746 1235 842 1300 AEtne,

184 1317 270 1390 Cujus
289 1319 424 1374 anhelatis
443 1319 554 1391 ignibus
573 1318 652 1374 ardet
669 1319 781 1374 humus.

147 1400 211 1456 Illic
229 1402 356 1457 accendit
372 1402 496 1473 geminas
514 1419 566 1473 pro
583 1401 712 1473 lampade
730 1401 827 1473 pinus:

184 1482 261 1540 Hine
279 1484 388 1540 Cereris
406 1485 491 1540 saeris
509 1503 584 1539 nune
602 1501 714 1556 quoque
731 1485 804 1539 taeda
821 1485 913 1540 datrrr.

146 1565 201 1622 Est
219 1585 318 1639 specus
336 1567 411 1623 exesi
429 1571 571 1622 structura
586 1567 704 1639 pumicis
723 1586 811 1639 asper,
951 1571 1010 1626 495

183 1649 213 1705 N
214 1669 251 1705 on
268 1650 375 1706 homini
392 1651 478 1722 regio,
497 1668 555 1704 non
573 1649 701 1705 adeunda
718 1649 799 1705 ferae:

147 1732 215 1801 Quo
233 1733 316 1789 simul
333 1753 365 1789 ec
382 1734 468 1798 venit,
487 1733 611 1788 frenatos
630 1733 757 1788 curribus
776 1752 880 1804 angues

181 1815 294 1888 Jungit,
313 1822 342 1872 et
360 1834 500 1889 aequoreas
519 1815 592 1871 sicca
609 1822 736 1887 pererrat
754 1834 847 1888 aquas.

146 1897 257 1971 Effugit
275 1905 304 1955 et
323 1899 430 1971 Syrtes,
450 1903 480 1954 et
497 1903 535 1962 te,
554 1897 682 1954 Zanclaea
700 1898 858 1971 Charybdi:

182 1980 223 2037 Et
239 2001 297 2047 vos,
316 1982 412 2047 Nisaei,
431 1981 567 2053 naufraga
584 1987 718 2046 monstra,
738 2000 833 2037 canes:
950 1986 1009 2040 500

146 2063 352 2137 Adriaeumque
369 2070 469 2136 patens
486 2063 552 2128 late,
571 2064 761 2136 bimaremque
780 2064 942 2120 Corinthon.

183 2147 229 2204 Sic
246 2149 323 2203 veuit
341 2147 376 2203 ad
394 2153 500 2220 portus,
519 2147 617 2202 Attica
634 2152 718 2211 terra,
737 2153 810 2202 tuos.

147 2228 204 2286 Hic
219 2231 341 2302 primum
359 2230 432 2286 sedit
449 2229 542 2303 gelido
559 2230 733 2286 maestissima
750 2249 824 2285 saxo.

182 2313 261 2368 Hlud
278 2312 437 2384 Cecropidae
455 2332 530 2369 nune
548 2331 659 2385 quoque
677 2313 758 2368 triste
775 2317 884 2368 vocant.

148 2395 207 2452 Sub
225 2395 297 2450 Jove
316 2396 427 2451 duravit
443 2396 539 2452 multis
558 2397 673 2452 immota
692 2395 798 2460 diebus,
952 2399 1013 2456 505

181 2477 222 2534 Et
238 2479 311 2534 luuae
329 2479 446 2550 patiens,
466 2484 495 2534 et
511 2479 641 2552 pluvialis
659 2497 746 2551 aquae.

146 2561 218 2616 Fors
236 2581 287 2618 sua
303 2563 403 2634 cuique
418 2562 478 2618 loco
490 2568 541 2618 est.
579 2561 644 2630 Quo
656 2580 730 2617 nunc
743 2559 864 2616 Cerealis
876 2558 1011 2630 Eleusin,

182 2643 294 2700 Dicitur
311 2644 364 2700 hoc
383 2644 460 2700 Celei
476 2663 543 2700 rura
560 2644 645 2701 fuisse
663 2644 745 2700 senis.

146 2726 199 2782 Ille
218 2727 331 2784 domum
349 2728 464 2801 glandes
483 2745 652 2800 excussaque
670 2745 749 2782 mora
764 2726 873 2782 rubetis

181 2809 289 2873 Portet,
309 2816 338 2864 et
356 2811 459 2866 arsuris
478 2811 556 2866 arida
573 2810 651 2882 ligna
668 2810 745 2865 focis.
953 2815 1017 2868 510

146 2891 220 2947 Filia
237 2911 323 2964 parva
341 2893 410 2949 duas
428 2893 574 2966 redigebat
592 2911 661 2966 rupe
680 2892 815 2964 capellas;

181 2973 222 3029 Et
239 2981 319 3030 tener
336 2975 366 3029 in
385 2977 462 3031 cunis
481 2976 555 3032 iilius
574 2995 647 3048 aeger
665 2982 735 3031 erat.

145 3056 249 3117 Mater,
269 3058 308 3111 uit
325 3057 412 3128 virgo,
433 3060 520 3126 (mota
537 3065 580 3114 est
598 3060 651 3114 dea
668 3059 781 3114 nomine
798 3057 918 3127 matris)

181 3133 258 3198 Quid
275 3136 342 3189 facis
360 3138 390 3191 in
407 3140 473 3194 solis
490 3141 653 3196 incomitata
667 3141 765 3212 jugis?

144 3211 262 3266 Restitit
279 3219 309 3266 et
326 3217 426 3280 senior,
446 3222 572 3289 quamvis
590 3241 660 3277 onus
678 3230 771 3294 urget,
791 3229 820 3278 et
837 3227 908 3286 orat,
948 3227 1018 3286 515

180 3288 265 3344 Tecta
283 3309 338 3345 suae
356 3296 454 3351 subeat
472 3303 717 3376 quantulacunque
736 3325 814 3360 casae.
