2250 3704
73 111 133 184 vr]
427 114 552 171 resur.
866 119 916 173 131

70 255 194 313 Vidimus
212 259 304 315 Iliscse
321 258 468 315 transferri
484 261 602 332 pignora
619 260 715 317 Vestis
863 263 916 317 365

102 339 181 396 Sede.
218 342 326 398 Putant
343 341 449 414 sliquos
468 343 573 398 scilicet
591 361 650 399 esse
669 345 743 400 deos.

69 421 105 478 At
122 424 146 479 si
163 425 341 497 respicerent,
361 444 416 498 que
433 443 483 480 vos
501 423 634 480 habitetis
652 427 683 480 in
702 445 773 491 erce,

100 505 209 579 Totque
228 507 324 562 domos
342 513 449 564 vestras
468 507 612 563 obsidione
630 510 736 580 premi;

68 586 116 642 Nil
133 590 193 661 opis
211 590 242 645 in
260 580 448 646 cure‘scirent
466 608 611 661 superesse
630 590 754 656 deorum,

12 717 31 740 ,,
99 669 139 726 Ε5
156 671 222 727 dete
239 673 357 728 sollicite
373 673 458 727 thure
474 673 566 744 perire
585 690 678 728 menu.
863 674 917 731 370

67 752 158 824 Atque
175 754 284 810 utinum
300 774 401 828 pugne
418 760 514 828 petest
531 755 624 810 locus!
645 775 722 811 orme
740 762 885 829 capessant
894 780 901 821 ;

98 835 146 901 Et,
165 837 190 892 si
207 855 264 893 non
280 844 415 910 poterimt
433 856 607 909 exsuperare,
628 839 736 894 cedunt.

66 917 94 973 N
95 937 148 974 unc
165 919 261 992 inopes
279 921 378 984 victus,
397 920 553 992 ignavaque
570 920 629 976 fsto
645 922 785 986 timentes,

98 1001 200 1057 Monte
219 1021 269 1058 suo
287 1003 393 1059 clausos
411 1003 531 1058 borbore
547 1003 632 1058 turba
649 1006 760 1076 premit.

66 1081 135 1139 Tum
147 1084 254 1149 Venus,
267 1090 297 1140 et
308 1085 379 1140 lituo
391 1085 508 1156 pulcher
519 1085 671 1157 trabeaque
684 1086 827 1154 Quirinus,
859 1087 893 1144 37
895 1091 912 1142 5

97 1166 243 1239 Vestaque
260 1185 312 1239 pro
330 1167 412 1225 Latio
429 1168 519 1224 multa
536 1167 631 1223 locuto
648 1186 707 1223 suo.

64 1248 188 1323 Publice,
207 1249 362 1322 respondit,
381 1269 449 1306 cure
466 1255 510 1306 est
527 1269 580 1323 pro
596 1251 734 1306 moenibus
752 1251 822 1314 istis,

97 1331 226 1404 Jupiter:
247 1337 276 1387 et
293 1351 388 1404 poenss
407 1332 501 1388 Gutus
517 1333 592 1388 victa
610 1332 696 1388 debit.

64 1411 106 1468 Tu
123 1415 215 1479 modo,
236 1433 297 1486 quae
315 1414 418 1470 desunt
436 1414 539 1486 fruges,
559 1432 703 1496 superesse
720 1419 863 1487 putentur,

96 1497 200 1553 Effice:
220 1516 271 1552 nec
289 1498 368 1554 sedes
387 1497 493 1563 desere,
511 1497 609 1562 Veste,
628 1504 700 1553 tuos.
864 1501 918 1554 380

63 1578 255 1652 Quodcunque
273 1587 317 1636 est
328 1581 438 1636 Cereris
456 1581 559 1645 solidae,
573 1599 640 1636 cava
651 1580 780 1636 machine
791 1579 912 1651 franget,

96 1662 293 1734 Mollitumque
311 1683 398 1719 munu
415 1663 499 1720 duret
515 1663 546 1718 in
564 1663 628 1734 igne
647 1663 733 1718 focus.

61 1743 199 1808 «iusserat,
218 1751 248 1800 et
265 1745 359 1801 fratris
377 1747 458 1818 virgo
477 1745 610 1801 Saturnis
625 1745 710 1817 jussis

95 1827 222 1892 Annuit3
243 1833 271 1883 et
289 1829 386 1884 medie
404 1835 532 1902 tempore
548 1829 637 1884 noctis
656 1835 744 1884 erent.

61 1908 127 1965 Jem
136 1910 254 1966 ducibus
263 1929 391 1968 somnum
401 1912 610 1968 dederetlsbor.
636 1910 838 1984 Increpetillos
863 1914 915 1968 385

94 1992 217 2064 Jupiter,
237 1999 267 2049 et
282 2013 368 2058 sucro,
388 1995 457 2067 quid
473 1996 551 2059 velit,
571 2013 620 2051 ore
637 1995 735 2050 docet:

60 2073 184 2148 Surgite,
204 2082 233 2132 et
250 2077 280 2132 in
297 2077 404 2132 medios
423 2078 458 2133 de
476 2079 592 2133 summis
610 2079 720 2134 arcibus
737 2077 832 2133 hostes

94 2158 214 2223 Mittite,
234 2178 318 2232 quem
335 2160 449 2214 minime
466 2161 584 2230 perdere
601 2161 695 2223 vultiu
715 2178 805 2233 opem.

58 2238 180 2296 Somnus
197 2241 273 2296 ebitz
293 2245 478 2310 querneique
495 2242 574 2294 novis
593 2243 756 2313 ambagibus
774 2244 837 2307 acti,

92 2323 218 2380 Perdere
236 2339 321 2394 quem
338 2319 436 2384 nolint,
456 2327 486 2376 et
501 2321 662 2392 jubeantur,
682 2341 770 2393 opem.
861 2328 914 2383 390

57 2404 133 2462 Ecce
151 2406 237 2462 Ceres
255 2403 317 2460 viso
335 2408 387 2458 est.
425 2402 446 2458 J
448 2403 545 2459 eciunt
563 2401 688 2456 Cerealia
706 2404 787 2460 dono.

90 2488 114 2544 J
114 2495 178 2545 ecte
195 2507 280 2560 super
297 2486 390 2559 galeas
409 2492 543 2557 scutaque
561 2485 644 2557 longe
661 2492 770 2541 sonent.

55 2569 144 2626 Posse
164 2571 237 2626 sume
254 2570 329 2626 vinci
347 2588 411 2642 spes
430 2569 541 2625 excidit.
578 2567 670 2624 Hoste
688 2569 799 2640 repulso

91 2653 222 2710 Candido
239 2653 344 2708 Pistori
360 2653 476 2724 ponitur
493 2671 542 2708 ere
560 2651 636 2706 Jovi.

53 2735 145 2792 Forte
162 2736 323 2791 revertebar
340 2735 419 2791 festis
436 2735 601 2791 Vestalibus
618 2733 690 2797 illuc,
859 2737 911 2791 395

90 2819 159 2887 Qus
176 2837 248 2874 nove
265 2819 393 2874 Romano
410 2836 484 2874 nunc
501 2818 558 2872 Vis
572 2818 672 2889 juncte
689 2813 749 2871 foro
768 2822 819 2873 est.

15 2883 126 3005 13Huc
143 2901 215 2973 pede
232 2907 388 2956 metrorum
405 2900 465 2956 vidi
482 2899 649 2955 descendere
667 2899 758 2955 nudo.

15 2958 244 3057 Obstupui,
262 2984 364 3039 tacitus
383 2983 558 3078 sustinuique
576 2981 702 3053 gradum

15 3066 154 3124 Sensit
172 3085 241 3122 anus
258 3065 349 3122 vicine
366 3065 436 3129 loci;
452 3067 618 3136 jussumque
636 3063 732 3119 sedere

87 3149 263 3221 Alloquitur,
283 3149 420 3220 quotiens,
439 3165 507 3202 voce
524 3151 672 3209 tremente,
692 3151 784 3218 ceput.
856 3151 911 3206 400

52 3233 130 3296 Hoc,
149 3232 201 3287 ubi
217 3249 292 3286 nunc
310 3230 371 3286 fora
389 3236 463 3294 sunt,
481 3229 544 3285 ude
561 3235 677 3286 tenuere
694 3229 818 3301 paludes,

87 3319 185 3372 Amne
203 3313 365 3371 redundatis
383 3313 459 3371 fosse
475 3312 607 3370 madebat
625 3312 712 3385 equis.
