2252 3706
195 103 233 160 sa
426 101 459 158 P.
480 97 618 156 ovmn
637 94 815 152 nisenus
979 95 1052 168 [ιη.

195 246 327 304 Proxima
346 246 458 320 cognati
476 245 571 301 dixere
590 241 711 298 Caristia
728 242 794 306 cari,
1007 243 1051 298 615

230 330 272 385 Et
289 331 367 388 venit
385 331 422 386 ad
439 329 526 384 socias
544 327 629 382 turba
646 325 803 397 propinqua
821 323 916 396 dapes.

198 411 310 468 Scilicet
328 433 344 468 c
361 411 487 474 tumulis,
506 416 544 474 et,
564 408 614 481 qui
630 408 749 479 periere,
767 407 942 479 propinquis,

230 495 363 551 Protinus
383 496 419 550 ad
435 495 515 550 vivos
533 509 582 548 ora
598 490 706 546 referre
721 491 817 561 juvat:

194 577 320 650 Postque
338 585 383 634 tot
400 577 523 639 amissos,
543 571 676 669 quicquid
694 572 729 627 de
748 573 883 644 sanguine
901 577 1000 636 restst‚

231 660 392 734 Adspicere,
412 665 441 716 et
459 658 569 730 generis
589 656 766 710 dinumerare
784 655 897 749 gradus.
1001 657 1110 710 600

195 743 315 800 Innocui
331 743 461 799 venient·
480 739 580 813 procul
596 738 670 802 hinc,
689 736 813 810 procul
805 738 907 809 1mpius
927 743 989 793 esto
1105 629 1111 780 i

233 825 340 891 Frater,
360 824 413 881 et
406 844 436 879 ιιι
453 828 551 896 partus
568 826 660 876 meter
677 819 776 876 acerba
791 837 871 876 suos:
1110 811 1111 844 ³

196 908 249 965 Cui
266 913 346 981 pater
364 913 406 963 est
423 907 514 969 vivcx,
533 905 584 977 qui
600 903 697 958 matris
716 903 819 974 digerit
838 920 942 957 annos:
1110 941 1111 990 p

232 991 302 1060 Quae
318 991 422 1063 premit
439 989 556 1045 invisam
574 1005 669 1042 socrus
688 985 785 1057 iniqua
802 1004 913 1040 nurum.

196 1072 348 1130 Tantalide
365 1072 465 1127 fratres
484 1070 584 1132 absint,
604 1074 633 1123 ct
651 1067 760 1122 Iasonis
778 1085 857 1131 uxor,
1001 1070 1051 1123 625

231 1154 272 1210 Et
289 1175 350 1228 quae
367 1154 494 1210 ruricolis
513 1152 619 1208 semina
635 1156 711 1206 toste
729 1149 820 1206 dedit:

195 1237 236 1294 Et
254 1257 341 1303 soror,
361 1243 390 1293 et
407 1238 525 1298 Procne,
544 1233 705 1305 Tereusque
723 1232 830 1288 duabus
849 1231 979 1305 iniquus:

230 1319 271 1376 Et
289 1321 447 1393 quicunque
465 1315 529 1374 su'ss
547 1335 598 1389 per
616 1315 706 1371 scelus
725 1321 809 1387 auget
826 1334 901 1387 opes.

196 1402 249 1458 Dis
267 1405 376 1474 generis
395 1403 460 1458 date
478 1401 563 1456 thura
579 1399 676 1462 bonis;
698 1397 851 1453 Concordia
868 1398 960 1454 fertur

231 1485 286 1541 Illo
303 1485 440 1558 precipue
458 1483 534 1538 mitis
553 1482 649 1538 edesse
668 1479 721 1536 die.
1002 1485 1054 1537 630

195 1566 236 1623 Et
253 1567 338 1623 libate
356 1567 459 1638 dapes:
480 1571 513 1620 ut
531 1565 605 1635 grati
621 1564 723 1636 pignus
741 1563 854 1618 honoris

230 1649 260 1705 N
261 1650 349 1705 utriat
365 1650 501 1704 incinctos
519 1648 603 1703 missa
619 1646 724 1718 patella
741 1644 835 1700 Lares.

195 1729 317 1805 Jamque
329 1733 379 1788 ubi
391 1731 520 1787 suadebit
531 1728 654 1802 placidos
666 1746 723 1782 nox
734 1727 834 1782 ultima
846 1745 967 1793 somnos,

230 1813 323 1887 Lcrga
339 1813 480 1887 precaturi
497 1813 598 1868 sumite
616 1811 682 1866 rina
699 1829 799 1866 mcnu:

194 1895 242 1960 Et,
262 1896 339 1952 Bene
356 1915 416 1960 vos,
434 1897 538 1969 patris,
557 1895 630 1950 bene
647 1899 686 1957 te,
705 1899 793 1965 pater,
813 1893 917 1966 optime
937 1893 1041 1958 Gaesar,
1106 1909 1110 1964 ι

230 1979 333 2045 Dicite,
351 1978 457 2034 suffuso
474 1996 526 2052 per
543 1996 622 2032 secra
637 1975 725 2031 verba
741 1994 826 2031 mero.
1001 1981 1055 2033 636

195 2144 261 2200 Nox
279 2144 329 2200 ubi
344 2145 495 2208 transierit,
515 2143 598 2198 solito
616 2142 772 2198 celebretur
788 2141 902 2206 honore,

232 2227 349 2298 Separat
367 2227 470 2282 indicio
489 2227 538 2298 qui
556 2225 624 2280 deris
643 2242 710 2280 arva
727 2241 785 2279 suo.

196 2308 335 2374 Termine,
354 2310 412 2365 sive
429 2309 509 2381 lapis,
528 2309 586 2364 sive
605 2325 634 2362 es
653 2305 779 2362 defossus
798 2306 828 2362 in
845 2325 912 2377 agro

232 2391 326 2464 Stipes
342 2392 376 2447 ab
395 2392 525 2465 antiquis,
545 2391 584 2446 sic
603 2408 714 2463 quoque
732 2408 837 2445 numen
853 2389 951 2446 babes.
1003 2395 1059 2448 640

196 2474 236 2530 Te
254 2475 309 2530 duo
328 2473 437 2530 diversa
455 2473 560 2529 domini
577 2491 630 2544 pro
646 2477 727 2543 parte
745 2478 894 2536 coronant3

230 2557 356 2631 Binaque
374 2563 450 2612 serta
466 2557 527 2620 tibi,
546 2556 668 2627 binaque
686 2554 743 2609 liba
760 2554 864 2610 ferunt,

195 2639 254 2695 Arc
266 2640 314 2695 fit:
334 2641 389 2696 buc
407 2640 502 2711 ignem
520 2645 600 2693 curto
618 2638 674 2692 fert
691 2637 796 2692 rustica
814 2642 890 2692 testu

235 2722 364 2778 Sumtum
383 2722 418 2778 de
437 2721 540 2794 tepidis
557 2720 618 2792 ipsa
636 2721 732 2775 colona
749 2720 826 2776 focis.

196 2803 287 2877 Ligna
304 2823 389 2860 senex
406 2805 514 2867 minuit,
535 2803 698 2874 concisaque
717 2802 853 2858 construit
871 2801 943 2858 ulte:
1004 2809 1060 2862 645

231 2885 272 2941 Et
291 2885 378 2941 solida
395 2905 486 2942 ramos
505 2885 592 2957 figere
610 2891 718 2957 pugnat
735 2885 830 2940 humo.
1105 2873 1109 2898 ⁴

196 2967 274 3025 Dum
291 2969 363 3023 sicco
380 2969 484 3041 primas
502 2969 594 3023 irritet
612 2968 713 3023 cortice
731 2967 864 3031 flammas,

234 3051 297 3106 Stat
313 3068 392 3123 puer,
411 3057 441 3105 ct
458 3051 586 3105 manibus
604 3050 662 3104 lata
680 3050 801 3105 mnistra
818 3056 905 3105 tenet.

196 3131 278 3194 Inde,
296 3131 346 3184 ubi
363 3137 407 3184 ter
425 3131 520 3201 fruges
539 3131 645 3186 medios
663 3133 779 3187 immisit
795 3133 826 3186 in
843 3133 931 3204 ignes,

231 3211 355 3281 Porrigit
371 3210 471 3264 incisos
489 3211 548 3265 filia
564 3231 651 3282 parve
668 3214 754 3268 favos.
