2250 3704
94 119 159 192 ,11]
456 117 583 176 riser.
888 121 941 174 135

95 263 277 338 injiciuntque
288 283 395 328 manus,
404 283 578 337 puerumque
586 263 719 321 revellere
728 268 863 338 pugnant.
884 265 936 320 515

127 349 202 418 Quos
219 351 330 423 ignorat
348 349 447 413 adhuc,
466 350 577 405 invocat
594 349 643 403 illa
661 349 742 404 deos:

93 431 189 504 Dique,
206 433 315 506 virique
333 432 394 497 loci,
414 433 521 488 miserae
540 433 693 488 succurrite
711 432 802 487 matri.

126 515 234 572 Clamor
251 516 384 572 Aventini
402 534 468 571 saxa
485 515 643 587 propinqua
660 515 736 571 ferit.

94 599 244 670 Appulerat
261 599 328 671 ripa
346 617 442 654 vaccas
462 598 570 652 OEtaus
589 597 697 652 Iberus.

7 685 8 710 ³
15 718 36 747 ,
124 681 226 746 Audit3
246 688 275 737 ot
292 682 329 737 ad
346 699 443 737 vocem
462 681 587 736 concitus
606 685 690 751 urget
708 679 771 736 iter.
887 683 941 736 520

93 762 220 820 Herculis
238 763 369 828 adventu,
388 781 450 836 quoe
468 763 525 818 vim
543 762 628 818 modo
646 762 720 818 ferre
737 761 885 834 parabant,

125 847 228 918 Turpia
245 847 378 902 foemineae
397 853 478 918 terga
496 845 600 900 dedere
617 844 701 917 fugae.

92 929 166 999 Quid
182 930 254 1002 petis
272 930 345 994 hinc,
367 930 512 1000 (cognorat
530 927 627 998 enim)
646 933 798 984 matertera
815 927 939 984 Bacchi?

124 1012 171 1067 An
187 1030 299 1077 numen,
319 1011 394 1084 quod
411 1029 464 1076 me,
484 1016 514 1066 te
532 1029 643 1083 quoque
660 1017 752 1076 vexat,
771 1010 830 1067 1111

90 1094 144 1150 Illa
161 1095 243 1150 docet
258 1095 378 1168 partim
396 1094 500 1166 partim
517 1094 665 1166 praesentia
682 1093 744 1149 11111
886 1095 939 1149 525

125 1176 272 1233 Continet:
293 1183 322 1233 et
339 1178 420 1232 furiis
438 1177 468 1232 111
486 1176 575 1232 scelus
594 1176 649 1231 isse
665 1176 763 1247 pudet.

89 1259 204 1325 Rumor,
222 1266 256 1315 111
273 1267 317 1316 111
333 1257 423 1323 velox,
443 1259 555 1331 agitatis
572 1258 700 1330 pervolat
717 1259 785 1314 alis:

122 1341 231 1414 Estque
249 1341 389 1414 frequens,
408 1342 471 1406 Ino,
491 1359 593 1396 nomen
611 1341 641 1395 in
659 1359 707 1396 ore
725 1347 814 1396 tuum.

89 1423 211 1496 Hospita
228 1424 383 1480 Carmentis
402 1425 472 1480 fidos
490 1425 610 1480 intrasse
628 1429 745 1496 penates

121 1507 240 1573 Diceris,
259 1513 288 1563 et
303 1508 416 1579 longam
434 1507 595 1580 deposuisse
613 1507 725 1562 famem.
886 1507 941 1562 530

6 1633 7 1644 2
85 1590 158 1647 Liba
175 1609 226 1646 sua
242 1595 391 1662 properata
408 1609 493 1646 manu
510 1590 627 1662 Tegeae
644 1590 772 1644 sacerdos

122 1672 254 1728 Traditur
271 1673 301 1726 in
319 1672 412 1728 subito
431 1678 508 1728 cocta
526 1672 637 1727 dedisse
655 1671 726 1726 foco.

84 1757 171 1812 Nunc
189 1774 300 1828 quoque
316 1754 375 1810 liba
390 1757 491 1827 juvant
508 1754 588 1810 festis
607 1753 777 1810 Matralibus
796 1754 881 1810 illam.

121 1839 240 1894 Rustica
257 1838 390 1894 sedulitas
409 1838 516 1910 gratior
534 1843 594 1892 arte
612 1838 676 1892 fuit.

84 1921 180 1986 Nunc,
199 1922 247 1986 ait,
265 1940 282 1976 o
299 1927 387 1985 vates,
406 1920 548 1976 venientia
564 1920 624 1975 fata
640 1921 761 1992 resigna,
887 1923 939 1976 535

5 2029 6 2080 j
121 2004 188 2072 Qua
204 2004 285 2059 licet:
305 2002 433 2075 hospitiis
450 2003 514 2067 hoc,
533 2021 641 2075 precor,
661 2003 734 2058 adde
751 2003 830 2058 meis.

5 2083 6 2146 l
83 2090 178 2148 Parve
194 2108 273 2144 mora
290 2095 348 2144 1111
368 2088 469 2144 coelum
485 2095 564 2144 rates
583 2107 615 2144 ac
633 2089 749 2144 numina
766 2091 868 2154 sumit;

120 2173 226 2244 Fitque
245 2171 288 2227 sui
305 2177 366 2227 toto
383 2177 497 2243 pectore
513 2171 599 2244 plena
616 2172 671 2227 dei.

82 2256 145 2311 Vix
162 2256 239 2310 illam
257 2253 351 2310 subito
368 2271 464 2326 posses
483 2272 665 2326 cognoscere;
685 2259 764 2309 tanto
929 2300 935 2309 ,

121 2338 259 2402 Sanctior,
278 2343 307 2392 et
324 2342 412 2400 tanto,
432 2355 516 2408 quam
533 2336 626 2401 modo,
644 2338 734 2407 major
751 2342 820 2392 erat.
888 2337 942 2392 540

79 2419 164 2477 Laeta
182 2437 295 2475 canam:
314 2418 406 2489 gaude
425 2417 558 2474 defuncta
574 2417 725 2482 laboribus,
745 2418 814 2473 Inol

118 2502 210 2566 Dixit,
231 2507 260 2557 et
277 2501 342 2557 huic
359 2500 464 2573 populo
483 2501 598 2556 dextera
616 2519 726 2572 semper
744 2501 826 2556 ades!

78 2585 202 2641 Numen
219 2583 274 2639 eris
291 2583 400 2655 pelagi:
419 2588 517 2638 natum
535 2601 647 2655 quoque
664 2588 767 2654 pontus
786 2582 910 2639 habebit.

118 2666 159 2722 In
176 2666 280 2722 nostrie
298 2666 377 2720 aliud
394 2666 496 2721 sumite
513 2684 617 2721 nomen
635 2667 724 2737 aquis.

78 2749 246 2806 Leucothoe
264 2746 366 2811 Graiis,
386 2747 502 2802 Matuta
519 2748 655 2803 vocabere
673 2748 785 2804 nostris.
888 2749 941 2805 545

117 2831 158 2887 In
176 2835 274 2902 portus
292 2835 359 2885 nato
374 2830 422 2901 jus
442 2829 496 2884 erit
514 2847 597 2884 omne
615 2834 674 2884 tuo.

5 2953 28 3003 ἱ
78 2914 180 2983 Quem
197 2931 247 2967 nos
265 2911 432 2974 Portunum,
452 2929 505 2966 sua
521 2910 619 2983 lingua
636 2910 796 2967 Palaemona
814 2912 897 2968 dicet.

116 2995 177 3060 Ite,
195 3012 302 3067 precor,
321 2994 423 3048 nostris
442 3012 538 3065 aquus
557 2999 677 3064 uterque
694 2993 772 3050 locis.

75 3083 268 3136 Annuerantr
287 3077 424 3149 promissa
441 3075 526 3131 fides:
546 3094 664 3147 posuere
681 3076 799 3132 labores.

117 3161 246 3218 Nomina
264 3164 427 3214 mutarunt:
446 3158 491 3214 hic
510 3159 588 3222 deus,
607 3158 656 3213 illa
673 3158 727 3213 dea
744 3164 797 3214 est.
888 3163 943 3216 550

75 3246 144 3302 Cur
162 3248 241 3299 vetet
259 3241 372 3297 ancillas
391 3241 530 3304 accedere,
550 3239 696 3311 quaeritis?
715 3239 783 3295 odit.

118 3325 353 3398 Principiumque
372 3323 437 3389 odii,
457 3323 481 3378 si
498 3323 572 3378 sinat
588 3323 658 3396 ipsa,
677 3341 783 3379 canam.
