2252 3706
168 45 204 99 se
400 41 434 96 r.
453 39 593 96 ovmrr
610 38 787 96 uasorus
945 42 1025 112 [ns.

168 186 240 242 Inde
259 185 320 241 duae
337 185 450 258 pariter,
469 184 533 239 risu
549 182 685 247 mirabile,
703 183 801 255 palma

205 268 338 341 Surgunt.
374 267 420 322 Ex
437 266 492 320 illis
510 265 598 320 altera
615 266 705 337 major
722 270 798 320 erat:

167 351 208 407 Et
225 350 356 422 gravibus
373 348 457 404 ramis
475 353 568 402 totum
585 353 745 418 protexerat
763 346 876 412 orbem;

204 432 421 503 contigeratque
439 447 511 485 nova
528 427 619 484 sidera
636 447 745 484 summa
763 447 848 484 coma.

167 514 241 570 Ecce
258 532 337 569 meus
355 513 460 568 ferrum
477 517 593 583 patruus
611 509 725 565 molitur
742 510 772 564 in
789 510 865 565 illas!
990 515 1024 568 35

203 596 321 651 Terrecr
338 594 498 656 admonitu;
519 610 620 664 corque
638 592 738 646 timore
755 592 848 647 micat.

168 678 276 734 Martia
292 677 369 748 picus
388 676 446 730 avis
464 675 575 746 gemino
592 691 644 744 pro
662 673 757 745 stipite
774 680 909 745 pugnant,

204 759 245 815 Et
262 760 335 831 lupa.
373 756 447 812 Tuta
464 775 515 827 per
532 756 583 810 hos
602 761 720 826 utraque
739 755 830 826 palma
847 755 910 810 fuit.

170 842 304 905 Dixerat;
324 845 353 896 et
369 838 480 910 plenam
498 855 554 894 non
572 837 659 892 firmis
676 837 783 892 viribus
801 856 902 892 urnam

205 922 332 980 Sustulit.
369 920 513 992 Implerat‚
533 920 600 975 dum
617 937 668 974 sua
685 919 744 973 visa
760 918 856 974 refert.
987 925 1024 977 41)

168 1005 283 1061 Interea
301 1009 441 1059 crescente
459 1002 557 1065 Remo,
576 1006 717 1056 crescente
736 999 862 1068 Quirino,

205 1087 316 1142 Coelesti
333 1084 458 1140 tumidus
474 1083 598 1155 pondere
614 1087 714 1137 venter
731 1089 799 1138 erat.
842 1141 845 1150 ,

169 1171 234 1239 Quo
250 1169 343 1224 minus
361 1166 484 1222 emeritis
502 1165 591 1220 exiret
609 1164 734 1220 cursibus
753 1183 849 1228 annus,

203 1250 360 1306 Restabant
376 1247 466 1304 nitido
481 1249 541 1318 jam
559 1247 615 1302 duo
633 1247 713 1317 signa
731 1245 791 1300 deo.

170 1334 265 1406 Sylvia
282 1332 315 1386 fit
332 1335 438 1395 mater;
456 1328 551 1384 Vesta
569 1327 717 1385 simulacra
734 1327 863 1383 feruntur
988 1334 1024 1398 45

203 1415 352 1486 Virgineus
369 1411 456 1466 oculis
473 1411 761 1482 opposuissemanus.

167 1498 228 1553 Ara
245 1496 303 1552 deae
321 1499 396 1550 certe
413 1493 529 1548 tremuit
545 1492 675 1564 pariente.
688 1492 824 1556 ministra.

204 1577 244 1634 Et
261 1577 346 1632 subiit
363 1575 468 1632 eineres
485 1575 586 1630 territa
601 1573 714 1630 flamnra
731 1591 804 1633 suos.

170 1661 241 1716 Haec
258 1659 307 1716 ubi
324 1657 453 1730 cognovit
471 1661 625 1714 contemtor
642 1656 771 1722 Amulius
789 1655 869 1726 arqui,

208 1742 293 1813 (Nam
309 1746 404 1812 raptas
420 1738 502 1795 tratri
518 1738 607 1792 viator
624 1737 746 1794 habebat
764 1738 850 1808 opes)
987 1741 1024 1792 50

171 1825 263 1880 Amne
277 1823 360 1894 jubet
376 1815 466 1891 mergi
482 1820 619 1892 geminos.
655 1819 751 1876 Scelus
769 1817 845 1875 unda
861 1818 978 1892 relirgit:

207 1906 244 1961 In
261 1906 334 1961 sicca
350 1903 431 1976 pueri
448 1902 640 1958 destituuntur
657 1902 752 1958 humo.

172 1989 258 2046 Lacte
276 1987 338 2059 quis
355 1985 476 2040 infantes
493 1983 584 2040 nescit
600 1984 719 2039 crevisse
737 1983 835 2046 ferino,

207 2069 248 2125 Rt
264 2069 357 2141 picum
374 2066 505 2139 expositis
523 2084 596 2136 saepe
613 2065 711 2120 tulisse
729 2064 823 2120 cibos?
1114 2101 1115 2147 p

172 2153 203 2208 N
205 2171 241 2207 on
259 2169 311 2222 ego
327 2155 364 2214 te,
382 2154 468 2204 tantae
486 2148 582 2203 nutrix
598 2146 732 2202 Larentia
748 2146 848 2218 gentis,
989 2151 1026 2203 55
1114 2153 1115 2160 ’

208 2234 239 2289 N
241 2252 271 2288 ee
288 2239 395 2288 taccam
411 2235 527 2293 vestras,
545 2229 681 2284 Faustule
698 2245 813 2300 pauper,
832 2246 908 2299 opos.

173 2315 278 2372 Vester
294 2315 383 2370 honos
400 2311 503 2376 veniet,
523 2327 587 2366 cum
603 2309 764 2368 Larentalia
780 2309 886 2374 dicaam

209 2398 348 2468 Acceptus
366 2394 454 2466 geniis
471 2393 520 2448 illa
536 2392 693 2448 December
709 2391 803 2460 habet.

174 2479 281 2537 Martia
297 2484 342 2534 ter
358 2493 439 2535 senos
457 2475 549 2547 proles
566 2473 725 2545 adoleverat
742 2489 860 2528 annos:-

209 2561 249 2616 Rt
267 2561 379 2616 suberat
396 2557 473 2612 flavae
487 2558 547 2628 jaan
564 2573 636 2617 noya
653 2555 741 2612 barba
758 2571 850 2610 como).
991 2557 1030 2609 60

174 2643 312 2699 Omnibus
329 2639 456 2712 agricolis
474 2643 717 2709 armentorumque
734 2635 873 2706 magistris

209 2724 305 2779 Iliada
322 2722 422 2778 fratres
436 2721 502 2792 jure
519 2721 608 2792 petita
625 2719 738 2774 dabant.
891 2757 895 2766 ,

175 2805 253 2878 Seps
272 2806 385 2861 domum
401 2803 518 2858 veniunt
533 2801 696 2872 predonum
713 2798 847 2871 sanguine
864 2795 930 2861 lati,
1103 2837 1114 2900 p

209 2887 249 2942 Et
266 2886 398 2956 redigunt
415 2889 491 2940 actos
509 2883 539 2938 in
557 2901 607 2950 sua
623 2901 691 2943 rura
707 2881 801 2937 boves.
1106 2909 1114 2926 π

172 2969 215 3026 Ut
232 2986 320 3039 genus
337 2966 494 3029 audienmt,
513 2965 619 3020 animos
637 2971 718 3035 pater
735 2963 827 3018 editus
845 2967 938 3032 auget,
992 2964 1030 3016 65
1103 2937 1114 2957 ⁴

208 3049 249 3103 Et
265 3049 354 3119 pudet
370 3047 401 3102 in
417 3047 511 3116 paucis
529 3064 631 3102 nomen
648 3045 752 3101 babere
770 3044 855 3100 casis:

172 3129 364 3196 Romuleoque
382 3126 457 3180 cedit
474 3128 608 3196 traiectus
625 3126 756 3180 Amulius
774 3142 853 3180 ense:

207 3206 361 3275 Regnaque
377 3205 503 3274 longave
519 3207 708 3262 restituuntur
725 3224 786 3276 avo.
