2250 3704
179 69 232 126 rae
409 65 443 121 r.
463 62 602 119 evron
620 59 799 120 nnsorue
866 111 869 117 .
953 65 1031 137 [na.

179 212 253 268 Aroe
271 229 382 284 quoque
399 209 428 265 in
447 225 555 264 summo
572 205 595 262 J
594 206 682 262 unoni
698 206 804 280 temple
821 208 947 266 Monetae

215 293 261 349 Ex
277 299 344 350 roto
361 296 518 348 memorant
535 290 617 353 facta
637 289 761 354 camille,
780 297 839 346 tuo.

179 377 256 432 Ante
268 376 367 430 domus
380 373 472 429 Manli
483 372 583 435 fuerat,
597 371 647 444 qui
658 371 767 428 Gallica
784 373 928 445 quondam
979 377 1028 430 18⁵

214 458 244 513 A
260 457 418 530 Capitolino
435 454 558 528 reppulit
576 472 653 509 orma
669 453 750 510 Jove.

139 551 143 560 “
181 540 275 609 Quem
292 540 372 604 bene,
393 539 422 594 di
440 537 550 610 magni!
570 555 667 608 pugna
683 537 829 594 cecidisset
845 538 876 594 in
893 538 942 594 illa

216 620 357 678 Defensor
375 621 445 685 solii,
464 619 582 691 Jupiter
599 619 663 684 alte,
682 620 740 676 tui!

180 704 270 768 Vixit,
288 710 322 760 ut
340 703 478 760 occideret
496 702 644 756 damnatus
662 702 778 760 crimine
794 703 883 775 regni.

217 786 304 842 Hunc
321 786 363 841 illi
380 785 496 841 titulum
513 783 599 855 longa
616 790 728 840 senecta
746 785 839 842 dabat.
983 790 1034 843 190

180 869 243 926 Lux
261 869 359 924 eudem
376 867 466 922 Marti
483 866 556 922 festa
573 872 625 931 est,
645 885 728 939 quem
746 867 880 940 prospicit
898 874 978 926 extra

216 951 385 1023 Appositum
403 949 495 1004 Tectae
513 954 596 1020 porta
614 949 728 1021 Capena
744 950 805 1004 viae.

181 1033 221 1090 Te
239 1051 359 1106 quoque,
378 1031 549 1104 Tempestas,
568 1031 697 1088 meritam
716 1031 832 1088 delubra
849 1031 980 1099 fatemur,

216 1116 289 1172 cum
307 1133 385 1188 paene
402 1119 447 1170 est
464 1114 558 1170 Corsis
577 1113 678 1170 obruta
696 1113 790 1169 classis
808 1115 898 1186 aquis

181 1198 252 1256 Haeo
262 1197 408 1253 hominum
418 1202 599 1252 monumenta
609 1201 716 1268 patent.
754 1195 786 1252 Si
797 1197 921 1269 quaeritis
934 1204 1017 1262 astro,

217 1281 296 1337 Timo
313 1280 402 1336 oritur
419 1278 515 1350 magni
531 1297 639 1350 prepee
658 1278 767 1334 adunca
782 1277 873 1334 Jovis.
982 1283 1034 1337 196

180 1435 299 1506 Postera
314 1435 363 1490 lux
381 1434 509 1507 Hyades,
529 1434 657 1491 Taurinae
675 1453 780 1490 cornua
797 1434 907 1502 frontis,

216 1517 339 1574 Evocat:
360 1523 389 1574 et
405 1517 496 1574 multo
513 1523 590 1573 terra
606 1516 741 1574 madescit
758 1535 839 1589 aqua

187 1687 275 1744 Mene
292 1687 342 1743 ubi
358 1687 402 1743 bis
421 1686 514 1749 fuerit,
534 1684 712 1756 Phoebusque
729 1685 872 1742 iteraverit
888 1691 977 1751 ortus,

216 1769 359 1842 Factaque
377 1769 431 1825 erit
447 1769 540 1841 posito
556 1785 619 1823 rore
637 1767 680 1822 bie
697 1767 756 1822 uda
772 1785 868 1840 segon
976 1771 1033 1826 20⁰
1112 1825 1124 1854 a

181 1849 246 1908 Hoc
264 1858 371 1908 secrete
389 1851 434 1907 die
453 1851 544 1906 Tusco
561 1849 679 1906 Bellona
695 1849 789 1906 duello

218 1933 346 1999 Dicitur;
366 1939 396 1989 et
413 1932 496 1988 Latio
513 1950 647 2004 prospera
665 1950 775 2003 semper
793 1932 880 1988 adest.

183 2016 293 2088 Appius
311 2022 355 2072 est
372 2021 478 2080 auctor,
498 2014 610 2087 Pyrrho
628 2013 678 2086 qui
694 2033 763 2086 pace
780 2021 883 2087 negata

142 2162 144 2166 ¹
217 2099 345 2154 Multum
362 2098 455 2153 animo
472 2097 560 2161 vidit;
579 2096 684 2152 lumine
702 2102 800 2169 captus
817 2102 886 2154 eret.

182 2181 322 2253 Prospioit
339 2199 357 2236 a
373 2180 479 2252 templo
497 2197 637 2235 summum
653 2178 747 2234 brevis
765 2197 830 2234 area
848 2179 1040 2238 circumstet

218 2261 273 2318 Est
290 2262 330 2318 ibi
347 2280 404 2319 non
420 2280 513 2334 pervae
530 2279 617 2334 perra
633 2261 762 2316 columne
778 2267 860 2316 note.

183 2344 261 2402 Hinc
278 2345 350 2401 solet
367 2343 449 2400 hosta
465 2363 552 2399 manu
568 2343 636 2399 belli
652 2344 809 2415 prenuntia
825 2343 911 2408 mitti,

218 2427 256 2482 In
272 2446 368 2500 regem
386 2432 415 2484 et
432 2431 529 2498 gentos
548 2445 611 2482 cum
628 2425 720 2498 placet
736 2443 814 2482 arms
830 2425 901 2498 oapi.

183 2594 284 2650 Altera
300 2613 365 2666 pars
384 2593 458 2650 Giroi
476 2594 592 2650 custode
610 2593 662 2650 sub
681 2592 807 2650 Hercule
823 2599 888 2650 tuta
904 2600 966 2662 est;
1123 2563 1124 2619 l

220 2675 305 2745 Quod
323 2677 391 2734 deus
408 2675 536 2733 Euboico
553 2676 675 2732 carmine
692 2695 795 2733 munus
812 2676 907 2733 habet.
985 2680 1047 2736 210

185 2757 313 2816 Muneris
332 2764 376 2814 est
393 2765 512 2831 tempus,
532 2759 582 2831 qui
598 2759 628 2814 N
629 2776 696 2814 onas
714 2758 827 2814 Lucifer
844 2765 909 2816 ante
926 2765 980 2816 est.

220 2840 367 2898 sicionios
385 2841 502 2914 qucris3
523 2840 602 2898 Sulla
618 2841 747 2914 probavit
765 2859 845 2914 opus.

186 3006 360 3075 Querebam
379 3007 478 3064 Nonas
498 3007 589 3064 Sanco
606 3008 726 3065 Fidione
742 3008 885 3073 referrem,

220 3087 268 3139 An
285 3089 347 3151 tibi,
368 3087 451 3144 Semo
468 3096 564 3160 pater=
584 3110 648 3146 cum
665 3091 734 3146 milri
752 3090 859 3146 Sancus
876 3090 932 3146 aitz

186 3162 350 3234 Guiounque
368 3185 402 3220 ex
420 3168 475 3222 illis
494 3169 613 3235 dederis,
632 3190 685 3243 ego
702 3187 805 3228 munus
822 3172 941 3230 habebo.
988 3177 1051 3232 215

221 3239 252 3292 N
253 3242 345 3296 omina
361 3245 437 3301 trina
454 3247 529 3304 fero:
549 3250 589 3306 sio
607 3251 721 3308 voluere
740 3253 838 3310 Cures.
