2250 3704
212 93 267 149 114
442 88 476 145 P.
496 85 635 144 ovmn
651 85 829 144 ursorus
987 87 1067 160 [Lu.

210 237 319 308 Aspera
335 237 444 289 mutate
460 237 504 287 est
521 232 551 286 in
567 231 660 287 lenem
676 236 802 303 tempore
819 231 905 304 longo

245 316 361 379 Littera,
380 333 441 387 quse
458 319 520 370 toto
536 313 647 370 nomine
665 314 756 386 prima
773 314 836 370 fuit.

210 399 281 456 Mox
298 398 383 454 etium
399 396 535 452 Lemures
552 397 658 452 enimes
676 396 772 452 dixere
790 395 941 462 silentum

245 481 277 538 Is
293 480 373 537 verbi
390 498 496 544 sensus,
514 479 556 534 vis
575 497 609 534 es
625 479 701 534 voois
719 485 788 534 eret.

208 563 288 620 Fene
304 568 400 618 tamen
416 568 526 617 veteres
544 560 598 616 iilis
617 560 740 617 elausere
759 561 865 627 diebus,
1011 567 1062 622 485

242 645 285 702 Ut
301 664 377 702 nuno
393 644 473 700 ferali
489 649 615 715 tempore
632 649 731 714 operts
747 643 834 700 vides.

208 729 271 786 Neo
288 728 378 785 vidue
396 727 476 783 tedis
494 727 599 790 eedem,
617 744 670 781 nee
686 727 803 798 virginis
821 732 887 799 spts

244 811 389 883 Tempora.
426 809 497 877 Ques
513 809 618 880 nupsit,
636 826 694 864 non
712 809 846 866 diuturno
862 809 927 865 fuit.

208 893 273 950 Hae
291 910 403 965 quoque
423 891 458 946 de
477 909 568 954 osuss,
588 890 612 945 si
629 894 659 946 te
676 891 824 962 proverbia
841 897 972 964 tangunt,

243 976 345 1031 Mense
362 973 448 1029 melas
466 973 547 1028 Msio
564 973 671 1029 nubere
688 974 791 1045 vulgus
809 975 857 1029 sit
1007 979 1061 1033 490

208 1059 265 1115 Sed
281 1063 376 1113 tumen
392 1056 451 1112 heo
468 1057 524 1112 tris
541 1061 608 1111 sunt
625 1056 678 1111 sub
696 1056 795 1114 eodem
812 1062 940 1130 tempore
957 1058 1031 1116 fests

242 1141 324 1198 Inter
341 1159 371 1197 se
388 1139 467 1196 nullo
484 1140 647 1195 eontinuets
663 1139 720 1196 die.

207 1307 336 1377 Quorum
354 1305 378 1362 si
394 1305 495 1361 mediis
512 1304 643 1360 Boeotum
660 1303 767 1360 Orione
785 1321 900 1378 quares,

241 1389 343 1445 Falsus
361 1388 425 1444 eris.
463 1386 543 1459 Signi
560 1405 644 1442 oeuse
661 1387 786 1443 oenende
803 1387 881 1442 mihi.

208 1470 331 1545 Jupiter,
351 1476 380 1526 et
396 1469 455 1524 lato
473 1470 522 1540 qui
538 1473 640 1540 regnet
656 1468 687 1523 in
704 1487 814 1541 equore
832 1469 928 1535 frater,
1007 1475 1057 1529 495

242 1553 400 1626 Carpebant
417 1551 515 1616 socies,
535 1551 758 1622 Merouriuequo,
777 1553 845 1608 vies.

206 1635 329 1708 Tempus
347 1640 416 1699 eret,
435 1652 492 1707 quo
509 1651 591 1690 verse
605 1635 675 1706 jugo
692 1634 854 1690 referuntur
870 1641 974 1701 ursin,

240 1717 282 1774 Et
298 1735 419 1790 pronum
436 1723 536 1773 suturae
553 1716 597 1772 lae
613 1717 687 1772 bibit
705 1735 794 1789 ugnus
812 1718 879 1773 ovis.

204 1800 292 1856 Forte
311 1819 396 1856 senex
413 1799 549 1871 Hyrieus,
568 1800 681 1871 eugrrsti
699 1799 790 1855 cultor
807 1800 898 1871 agelli,
1102 1863 1103 1868 ἵ

241 1882 304 1939 Hos
321 1883 408 1948 videt,
427 1883 557 1954 exiguum
574 1883 668 1938 stsbst
684 1888 718 1938 ut
736 1889 802 1939 unte
819 1901 919 1940 emm.
1002 1887 1057 1941 500

204 1966 300 2037 Atque
312 1966 361 2029 ite,
371 1964 470 2036 Longe
479 1965 527 2020 vis
537 1970 589 2028 est,
601 1981 653 2021 neo
664 1970 793 2037 tempore
802 1965 888 2038 louge
898 1974 1057 2040 supersunt,

240 2046 329 2112 Dixit,
348 2052 378 2103 et
394 2047 552 2119 hospitibus
566 2047 654 2118 jerus
671 2054 768 2103 nostru
784 2054 872 2120 patet.

204 2128 325 2186 Addidit
344 2135 373 2184 et
391 2129 501 2185 vultum
519 2129 622 2194 verbis,
641 2129 799 2202 iterumque
815 2131 934 2203 rogarit.

241 2211 346 2268 Perent
363 2211 505 2283 promissis
514 2235 522 2276 ;
542 2211 775 2284 dissimulantque
792 2213 867 2269 deos.

205 2293 291 2350 Teote
308 2292 382 2350 senis
400 2291 530 2358 subeunt,
548 2294 630 2366 nigro
649 2294 785 2351 deformis
802 2296 895 2352 firmos
1004 2299 1056 2355 505

239 2375 318 2448 Ignis
336 2377 367 2431 in
384 2381 509 2432 extremo
527 2376 623 2448 stipite
639 2393 743 2448 parvus
761 2383 830 2433 erut.

203 2456 270 2530 Ipse
288 2477 363 2531 genu
378 2459 471 2531 posito
488 2457 614 2515 flummss
631 2460 782 2516 exsuscitat
799 2477 876 2524 eure,

237 2540 279 2597 Et
295 2541 399 2614 promit
416 2559 529 2615 qussses
547 2542 766 2614 oomminuitque
784 2542 866 2598 isoes.

203 2622 287 2678 Stant
298 2623 411 2680 erliees=
430 2624 523 2678 minor
534 2623 599 2679 inde
611 2623 698 2689 sebas,
711 2624 773 2680 olus
786 2624 857 2680 ulter
868 2623 1029 2683 hebebant:

236 2705 278 2762 Et
294 2707 404 2763 ffiment
420 2712 497 2762 testu
513 2723 626 2778 pressus
643 2713 763 2779 uterque
781 2725 841 2763 suo.
998 2711 1052 2766 510

200 2787 333 2861 Dumque
344 2807 423 2845 mors
434 2796 486 2852 est,
498 2789 618 2846 tremule
630 2790 679 2846 det
689 2792 756 2847 vine
766 2791 898 2847 rubentis
910 2791 1018 2850 dextre·
1099 2788 1100 2803 ¹

235 2872 346 2943 Aooipit
363 2889 506 2944 equoreus
523 2873 624 2944 poeuis
640 2873 732 2944 prime
748 2871 826 2928 deus.
1092 2897 1099 2946 4

200 2952 271 3022 Qum
289 2953 372 3010 simul
389 2953 533 3019 oxheusit;
552 2954 607 3018 De,
626 2971 701 3011 nuno
718 2955 798 3011 bibet
815 2955 923 3022 ordine,
943 2958 1022 3021 dixit,
1093 2991 1099 3047 q

234 3035 357 3107 Jupiter.
393 3035 501 3092 Audito
518 3037 618 3108 puiiuit
635 3036 683 3093 ille
701 3035 784 3094 Jove.

196 3115 239 3167 Ut
256 3115 341 3167 rediit
357 3117 482 3179 animun
502 3118 639 3172 cultorem
655 3119 787 3190 pauperis
804 3121 866 3192 egri
998 3123 1048 3180 tlt

231 3189 371 3256 Immolet,
389 3199 419 3247 et
436 3210 537 3264 magno
555 3202 645 3252 torret
661 3199 693 3253 in
710 3200 778 3271 igue
796 3201 906 3258 bovem.
1097 3199 1098 3222 ³
