2250 3704
208 72 262 126 110
439 67 473 124 P.
493 66 633 125 OVIDII
650 67 828 125 NASONIS
985 69 1056 141 [Lm

209 216 341 285 Querere
359 213 487 276 conabar,
506 231 592 285 quare
609 214 724 270 lascivia
740 217 829 287 major

245 297 300 354 His
318 298 392 352 foret
410 296 539 360 inludis,
557 296 727 368 liberiorque
742 299 839 369 jocus:

207 379 265 437 Sed
282 380 352 434 mihi
369 379 514 443 succurrit,
533 397 638 435 numen
655 398 713 436 non
731 399 791 436 esse
809 399 946 446 severum,

243 464 374 535 Aptaque
393 461 498 517 deliciis
515 480 633 518 munera
650 462 724 519 ferre
742 462 831 519 deam.

208 547 345 619 Tempora
362 545 492 624 sutilibus
511 545 662 616 cingimtur
679 551 740 602 tota
758 547 875 611 coronis,
1014 549 1057 604 335

242 631 283 685 Et
300 631 370 685 latet
386 629 490 700 injecta
507 628 653 700 splendida
670 648 767 686 mensa
783 648 855 685 rosa.

207 713 312 769 Ebrius
330 711 456 768 incinctis
474 711 586 783 philyra
604 713 719 767 conviva
737 713 843 784 capillis

246 797 343 859 Saltat,
363 801 392 850 et
410 794 573 866 imprudens
591 795 713 852 vertitur
730 801 790 851 arte
808 796 887 852 meri.

207 881 312 935 Ebrius
331 879 367 934 ad
385 878 487 932 durum
505 877 737 934 formosa-limen
754 879 848 934 amice

244 963 353 1018 cantat.
391 959 508 1015 Habent
525 965 616 1016 uncta
634 960 728 1016 mollia
746 967 821 1016 serta
838 979 933 1018 coma.
1014 964 1058 1018 340

207 1045 297 1101 Nulla
314 1048 445 1099 coronata
461 1049 635 1115 peraguntur
652 1044 724 1098 seria
741 1043 849 1108 fronte3
866 1107 869 1114 .

243 1128 273 1183 N
275 1148 306 1184 ec
323 1127 435 1199 liquidae
452 1126 553 1181 vinctis
571 1125 640 1182 flore
657 1126 794 1182 bibuntur
811 1145 899 1200 aquae.

205 1213 305 1272 Donec
323 1229 383 1267 eras
401 1210 500 1264 mistus
519 1209 612 1273 nullis,
631 1209 763 1275 Acheloe,
782 1212 909 1275 racemis,

245 1293 345 1348 Gratia
362 1291 503 1348 sumendae
520 1308 578 1346 non
596 1297 657 1348 erat
673 1291 732 1348 ulla
749 1311 827 1348 rosae.

207 1377 334 1433 Bacchus
352 1381 428 1431 amat
445 1373 542 1430 flores:
563 1374 674 1430 Baccho
691 1374 828 1445 placuisse
847 1393 988 1440 coronam,
1012 1377 1058 1431 345

243 1459 289 1513 Er
306 1458 454 1514 Ariadnae
473 1456 564 1513 sidere
581 1475 664 1513 nosse
682 1463 771 1529 potes.

209 1542 298 1597 Scena
314 1540 383 1596 levis
402 1539 482 1596 decet
499 1538 587 1605 hanc3
606 1557 663 1595 non
676 1547 727 1618 est,
741 1539 811 1596 mihi
824 1540 940 1605 credite,
953 1559 1010 1596 non
1022 1545 1059 1595 est

243 1624 299 1679 Illa
316 1623 495 1678 cothurnatus
513 1622 587 1678 inter
604 1622 734 1678 habenda
752 1622 827 1678 deas.

207 1706 303 1763 'liuba
320 1705 434 1779 quidem
452 1723 501 1760 cur
518 1703 570 1760 hos
588 1705 710 1760 celebret
727 1705 886 1762 meretricia
901 1705 992 1770 ludos,

243 1789 311 1844 Non
329 1807 363 1844 ex
380 1787 485 1844 difficili
502 1805 585 1843 causa
601 1787 691 1859 petita
706 1788 814 1844 subest.
1010 1791 1061 1844 350
1102 1839 1105 1874 4

207 1872 276 1928 Non
294 1877 337 1927 est
355 1871 390 1927 de
408 1870 524 1935 tetricis,
542 1888 601 1926 non
619 1876 662 1926 est
680 1870 715 1926 de
733 1890 835 1943 magna
851 1872 997 1944 professis:

242 1954 315 2009 Vult
333 1972 383 2009 sua
399 1953 510 2024 plebeio
528 1971 607 2008 sacra
626 1959 724 2025 patere
743 1954 835 2010 choro.
1104 1943 1105 2037 1

202 2036 248 2110 ;Ε1
264 2043 360 2093 monet
377 2036 467 2092 atatis
486 2036 585 2108 specie,
605 2035 672 2092 dum
690 2035 797 2101 floreat,
816 2037 877 2102 uti;

244 2119 393 2174 Contemni
410 2119 526 2191 spinam,
547 2137 611 2174 cnm
628 2119 753 2174 cecidere
770 2138 849 2176 rosae.
1103 2185 1104 2188 Ἴ

207 2202 265 2258 Cur
282 2207 385 2266 tamen,
404 2208 438 2256 ut
456 2201 559 2258 (111111
576 2207 668 2256 vestes
681 2201 842 2258 Cerealibus
860 2202 940 2268 alba,
1011 2204 1061 2258 355
1103 2219 1104 2245 1

244 2283 290 2339 Sic
306 2284 366 2338 hac
384 2289 427 2338 est
445 2284 523 2339 cultu
535 2284 706 2340 ,versicolore
725 2284 846 2340 decens?

207 2368 255 2422 An
273 2367 339 2439 quia
355 2367 473 2423 matinis
492 2367 607 2422 albescit
624 2368 722 2423 messis
741 2368 843 2432 aristis,

242 2449 282 2505 Et
302 2449 377 2506 color
395 2455 424 2505 et
442 2449 547 2521 species
565 2449 680 2506 floribus
699 2451 790 2508 omnis
803 2450 902 2506 inest?

208 2533 332 2596 Annuit;
352 2537 381 2586 et
398 2532 481 2588 motis
499 2531 582 2586 flores
601 2532 725 2590 cecidere
744 2533 865 2605 capillis:

243 2615 378 2671 Accidere
396 2615 426 2669 in
443 2633 553 2670 mensas
571 2620 604 2670 ut
621 2633 685 2670 rosa
701 2616 787 2672 missa
804 2615 884 2672 solet.
1010 2618 1065 2671 360
1101 2647 1102 2662 1

206 2697 329 2753 Lumina
345 2697 505 2761 restabant;
525 2716 645 2768 quorum
662 2716 709 2753 me
726 2717 810 2754 causa
826 2698 942 2763 latebat,

244 2779 316 2834 Cum
334 2780 374 2835 sic
392 2796 500 2835 errores
518 2779 635 2836 abstulit
652 2780 701 2836 illa
716 2798 803 2836 meos.

207 2862 264 2918 Vel
281 2862 347 2934 quia
364 2861 511 2934 purpureis
530 2862 667 2919 collucent
684 2862 800 2920 floribus
819 2863 888 2934 egri,
1093 2903 1100 2942 4

243 2943 364 2999 Lumina
381 2950 448 2999 sunt
464 2949 575 3000 nostros
592 2945 652 3000 visa
670 2944 769 3002 decere
788 2945 863 3002 dies:
1099 2997 1100 3000 ,

207 3025 263 3080 Vel
283 3027 349 3096 quia
365 3045 417 3081 nec
435 3025 486 3082 flea
505 3033 549 3082 est
566 3027 670 3092 hebeti,
690 3047 742 3085 nec
760 3027 880 3091 flamma,
900 3028 1067 3092 colore,365
1097 3003 1100 3083 1

243 3105 338 3174 Atque
356 3107 449 3160 oculos
469 3108 499 3160 in
517 3126 546 3162 se
565 3108 696 3179 splendor
714 3117 833 3183 uterque
845 3110 950 3168 trahit:

207 3181 263 3233 Vel
280 3184 347 3249 quia
365 3185 469 3240 deliciis
487 3195 625 3244 nocturna
641 3191 756 3248 licentia
771 3193 876 3250 nostris

244 3258 389 3315 Convenit.
425 3266 453 3318 A
471 3285 537 3322 vero
555 3271 639 3326 tertia
657 3291 741 3330 cansa
758 3274 846 3330 venit.
