2252 3706
219 119 256 174 lc
450 117 484 175 P.
504 117 642 174 OVIDII
657 117 836 174 NASONIS
997 119 1067 192 [Lis.
1110 119 1111 128 ’

220 262 251 318 N
252 281 283 319 ec
300 263 406 336 majore
422 271 503 320 veto:
523 264 573 320 sed
590 268 619 319 et
636 261 681 336 his
699 263 842 336 placabilis
859 263 963 320 umbra
982 272 1032 321 est.

255 345 338 402 Adde
356 365 459 418 preces,
479 347 575 418 positis
594 352 623 401 et
641 363 692 401 suu
709 347 796 402 verbe
813 347 889 402 focis
1024 351 1067 404 clo

221 426 307 483 Hunc
324 447 430 484 morem
447 428 561 492 AEneus,
580 428 692 500 pietatis
709 428 826 484 idoneus
844 434 951 495 auctor,

255 509 362 566 Attulit
379 512 409 566 in
426 517 523 576 terras,
539 513 615 584 juste
633 510 743 576 Latine,
761 518 833 566 tuns.

220 591 275 648 Ille
292 593 379 664 petris
398 593 490 650 Genio
507 593 642 650 sollennia
660 594 734 650 done
750 593 874 658 ferebut;

257 673 335 730 Hinc
351 677 447 748 populi
464 677 536 732 ritus
554 677 693 732 edidicere
710 677 781 749 pios.
1091 710 1112 738 w

220 757 262 813 At
279 758 428 830 quondum,
447 759 514 814 dum
531 759 615 831 longe
632 765 734 831 gerunt
752 758 925 831 pugnecibus
944 760 1029 815 armis
1109 769 1112 906 q

228 839 234 850 '
257 839 344 904 Bella,
363 842 519 913 parentales
537 843 684 897 deseruere
702 841 770 896 dies.
1023 845 1068 898 546

220 922 252 978 N
253 941 290 977 on
307 923 420 995 impune
438 924 511 980 fuit:
530 943 596 980 nam
614 923 716 979 dicitur
734 924 824 979 omine
842 923 877 979 ab
894 923 951 979 isto

257 1004 349 1060 Rome
366 1007 529 1062 suburbanis
547 1007 694 1063 incaluisse
710 1007 795 1078 rogis,

221 1085 279 1142 Vix
297 1089 426 1160 equidem
444 1089 543 1154 credo;
561 1089 652 1144 bustis
671 1090 758 1145 exisse
775 1088 912 1152 feruntur,

256 1169 297 1225 Et
314 1171 404 1226 tecitae
423 1173 515 1244 questi
531 1179 656 1245 tempore
674 1172 766 1226 noctis
783 1170 835 1226 eri.
1024 1175 1070 1228 550

222 1251 332 1326 Perque
350 1253 409 1308 vies
426 1255 512 1319 urbis,
531 1253 681 1328 Latiosque
700 1255 820 1309 ululasse
836 1270 888 1324 per
904 1269 990 1324 egros

257 1334 404 1391 Deformes
423 1337 536 1402 enimse,
554 1337 655 1408 vulgus
674 1337 764 1400 inane,
783 1335 885 1391 ferunt.

224 1417 293 1474 Post
311 1437 344 1473 eu
360 1419 495 1491 preteriti
511 1419 627 1474 tumulis
645 1419 803 1475 redduntur
819 1419 956 1483 honorcs;

257 1501 452 1574 Prodigiisque
469 1502 547 1557 venit
564 1502 766 1574 funeribusque
784 1501 891 1556 modus.

221 1581 299 1639 Dum
316 1589 410 1639 tumen
427 1584 485 1639 hoec
503 1584 584 1650 fiunt,
602 1585 693 1640 riduse
711 1589 815 1640 cessele
832 1583 947 1656 puellae:
1023 1587 1071 1641 555

256 1665 409 1739 Exspectet
426 1685 511 1739 puros
528 1668 610 1740 pines
628 1668 701 1723 taede
720 1666 788 1722 dies.
1112 1691 1113 1698 ¹

222 1747 252 1804 N
254 1768 285 1805 eo
302 1749 364 1815 tibi,
384 1769 444 1823 quse
463 1749 569 1822 cupidae
586 1756 697 1806 mature
712 1749 845 1805 videbere
860 1749 954 1814 metri,

257 1831 356 1887 Gomat
376 1833 514 1904 virgineas
532 1833 613 1888 hasta
630 1851 748 1888 recurre
765 1849 865 1887 comes.

223 1913 319 1971 (londo
336 1919 408 1979 tues,
428 1913 590 1987 Hymenaee,
610 1915 693 1980 feces,
713 1920 742 1970 et
760 1915 795 1970 eb
813 1913 926 1986 ignibus
944 1915 1014 1970 stris

255 1995 361 2062 Aufer3
380 1997 486 2053 habent
504 1998 570 2052 elias
588 2003 684 2053 maeste
701 1997 828 2069 sepulcre
845 1997 927 2052 feces.
1024 2001 1074 2054 560

222 2078 262 2135 Di
279 2099 389 2153 quoque
407 2080 575 2152 templorum
593 2080 700 2136 foribus
719 2079 844 2135 celentur
861 2079 981 2152 opertis:

257 2161 351 2218 Thure
369 2170 469 2218 recent
486 2182 548 2226 m,
568 2168 699 2235 stentque
718 2163 777 2218 sine
795 2163 861 2234 igne
878 2162 942 2217 foci„

221 2243 252 2299 N
252 2263 308 2300 uno
325 2246 423 2300 enimae
440 2251 548 2309 tenues,
568 2251 598 2301 et
615 2263 731 2318 corpore
748 2244 846 2300 functe
863 2245 1001 2317 sepulcris

256 2325 376 2383 Errant:
396 2347 471 2383 nuno
488 2328 579 2400 posito
596 2329 721 2400 pascitur
737 2327 838 2382 umbre
857 2327 928 2383 cibo.
1113 2337 1114 2376 l

222 2408 253 2464 N
254 2428 286 2466 eo
303 2414 398 2465 tumen
414 2410 473 2466 haec
489 2411 572 2474 ultre,
593 2428 678 2482 quem
695 2416 739 2465 tot
756 2410 791 2466 de
809 2427 907 2465 menso·
922 2411 1069 2482 supersint
1113 2409 1114 2412 ’

258 2491 389 2556 Luciferi,
409 2498 478 2566 quot
494 2492 601 2549 hebent
618 2493 741 2548 carmine
759 2497 856 2548 nostru
872 2491 967 2564 pedes.
1030 2496 1079 2550 566

221 2575 315 2640 Hunc,
334 2575 399 2648 quie
413 2577 492 2648 juste
509 2575 612 2640 ferunt,
633 2575 727 2632 dixere
746 2575 857 2631 Ferclie
872 2574 974 2630 lucem.

256 2657 365 2713 Ultima
381 2657 522 2730 placandis
541 2658 668 2713 manibus
687 2657 736 2713 ille
753 2657 821 2713 dies.

221 2739 295 2795 Ecce
314 2759 382 2796 uuus
400 2742 430 2796 in
448 2740 546 2796 mediis
563 2741 689 2796 residens
707 2757 813 2796 ennoea
828 2738 928 2812 puellis

258 2820 343 2879 Sacra
360 2822 428 2878 lecit
446 2823 563 2888 Tucitae3
582 2824 629 2878 vix
647 2829 742 2879 tumen
759 2824 820 2896 ipse
836 2827 919 2877 tecet.
1029 2823 1083 2879 570

221 2901 262 2958 Et
280 2903 375 2975 digitis
393 2907 448 2961 trin
465 2906 550 2961 thure
566 2905 658 2963 tribus
677 2905 729 2961 sub
748 2905 844 2960 limine
861 2904 952 2977 ponit,
1107 2905 1114 2960 ἵ

257 2985 322 3056 Qus
337 2987 430 3042 brevis
451 2988 591 3043 occultum
607 3005 669 3043 mus
689 2987 743 3044 sibi
761 2988 828 3043 fecit
845 2988 910 3043 iter.
1113 2995 1114 2998 ’

221 3067 294 3126 Tum
311 3074 422 3124 cantate
439 3069 508 3138 liget
526 3087 588 3126 cum
607 3070 686 3126 fusco
703 3071 768 3126 licis
784 3069 911 3134 rhombo,

256 3147 296 3202 Et
314 3153 420 3218 septem
437 3149 532 3217 nigras
549 3159 643 3206 verset
659 3153 690 3206 in
709 3169 757 3208 ore
776 3153 863 3208 fabas,

222 3225 361 3294 Quodque
379 3227 440 3294 pice
458 3229 615 3293 adstrinxit,
634 3233 711 3301 quod
729 3251 781 3287 ecu
798 3235 912 3305 trajecit
929 3235 1036 3302 eliens,

257 3303 398 3358 Obsutum
415 3323 508 3360 maeuae
526 3314 615 3365 torret
631 3313 662 3366 in
679 3313 744 3384 igne
763 3320 856 3386 ceput.
1032 3319 1081 3378 576

1108 1817 1114 1892 l
