2250 3704
205 93 258 149 116
436 86 470 142 P.
491 84 630 142 OVIDII
648 83 827 162 NASONIS
983 81 1045 158 [115.

205 233 245 290 Et
264 235 332 290 deus
350 236 393 288 est
410 232 518 303 ingens,
538 236 568 287 et
585 249 664 303 opus.
702 229 832 285 Debebat
850 228 881 285 in
898 230 972 287 urbe

240 316 308 372 Non
326 315 408 370 aliter
424 315 485 370 nati
503 313 583 368 Mars
602 313 729 368 habitare
748 313 800 367 sni.

205 399 300 471 Digna
314 397 450 470 giganteis
468 397 528 452 haec
546 402 612 451 sunt
630 394 747 451 delubra
764 395 893 467 tropaeis:

242 481 319 536 Hinc
337 481 397 535 fera
415 479 572 535 Gradivum
589 479 664 534 bella
680 495 793 533 movere
811 477 907 534 decet:

207 563 264 620 Seu
282 563 344 635 quis
363 562 399 618 ab
417 561 480 617 Eoo
497 580 548 616 nos
567 561 669 633 impius
688 559 755 615 orbe
772 559 899 625 lacesset,

243 645 301 701 Seu
319 646 380 717 quis
399 645 435 700 ab
452 644 570 701 occiduo
588 643 646 698 sole
665 642 819 698 domandus
837 644 900 698 erit.

206 727 348 800 Prospicit
365 727 545 799 Armipotens
563 726 656 796 operis
674 725 787 796 fastigia
804 725 915 789 summi,

241 810 283 865 Et
299 809 400 882 probat
417 809 534 864 invictos
553 825 662 862 summe
678 813 774 862 tenere
794 807 869 862 deos.

208 892 348 964 Prospioit
365 892 396 945 in
414 891 520 946 foribus
539 890 654 946 diversa
671 889 729 945 tels
743 889 849 961 figure),

243 975 385 1046 Armaque
404 978 544 1027 terrarum
560 972 651 1028 milite
667 972 742 1026 victa
759 990 818 1027 suo.

208 1056 286 1112 Hinc
303 1056 381 1112 videt
398 1055 511 1110 AEnean
528 1060 675 1111 oneratum
692 1055 815 1127 pondere
833 1072 921 1118 sacro,

244 1139 285 1194 Et
302 1145 346 1194 tot
364 1138 452 1193 Iuleae
471 1136 626 1192 nobilitatis
644 1155 719 1193 avos.

208 1221 286 1277 Hinc
298 1221 376 1276 videt
393 1221 504 1276 Iliaden
522 1219 646 1275 humeris
665 1219 742 1275 ducis
755 1237 833 1274 arma
844 1219 991 1284 ferentem,
1008 1218 1053 1273 565

244 1304 381 1376 claraque
400 1302 542 1374 dispositis
560 1307 623 1356 aeta
641 1302 754 1357 subesse
772 1302 848 1356 viris.

209 1386 325 1458 Spectat
343 1391 372 1441 et
389 1384 520 1456 Augusto
537 1389 704 1456 praetextum
721 1385 833 1440 nomine
853 1383 999 1456 templum,

243 1469 283 1523 Et
300 1469 400 1530 visum,
419 1466 492 1522 lecto
511 1465 629 1530 Caesare,
647 1468 737 1539 majus
756 1485 835 1539 opus.

209 1550 336 1606 Vovcrat
353 1550 405 1605 hoc
421 1549 533 1621 juvenis
550 1555 628 1612 tunc,
646 1567 711 1604 cum
727 1549 774 1620 pia
791 1548 907 1604 sustulit
924 1567 1007 1604 arma

243 1634 271 1689 A
288 1633 375 1688 tantis
393 1631 527 1704 Princeps
545 1631 718 1703 incipiendus
736 1637 807 1686 erat.
1009 1629 1057 1686 510

208 1714 262 1770 1115
280 1733 379 1772 manus
397 1713 524 1777 tendens,
542 1713 607 1768 hine
625 1713 713 1770 stanti
729 1713 818 1770 milite
832 1714 920 1786 justo,

245 1796 322 1852 Hinc
340 1798 500 1867 conjuratis,
519 1796 588 1851 talia
605 1796 681 1851 dicte
698 1796 791 1860 dedit;

209 1878 241 1934 Si
257 1879 328 1934 mihi
344 1878 469 1934 bellandi
486 1884 568 1950 pater
585 1883 636 1942 est,
655 1877 805 1950 Vestaque
824 1879 953 1934 sacerdos

244 1962 360 2024 Auctor,
380 1967 409 2016 et
427 1961 524 2016 ulcisci
540 1979 646 2015 numen
661 1965 814 2032 utrumque
832 1979 917 2032 paro;

210 2043 300 2108 Mars,
320 2044 395 2108 ades,
415 2051 444 2099 et
462 2043 533 2098 satia
551 2042 684 2098 scelerato
701 2043 836 2114 sangiune
854 2043 975 2100 lerrumc
1009 2042 1059 2098 575
1105 2079 1106 2118 3

247 2125 365 2198 Stetque
383 2125 462 2180 favor
480 2143 564 2180 causa
580 2143 631 2196 pro
648 2125 762 2180 meliore
780 2130 855 2180 5555.

210 2207 325 2280 Templa
343 2208 424 2271 feres,
444 2213 481 2271 55,
500 2226 546 2263 me
563 2207 676 2270 victore,
695 2208 838 2263 vocaberis
856 2207 949 2264 Ultor.

245 2288 385 2354 Voverat3
406 2293 435 2344 et
453 2289 516 2344 fuso
533 2289 614 2344 laetus
632 2288 668 2343 ab
686 2288 767 2344 hoste
784 2289 866 2344 redit.

208 2371 271 2428 Nec
290 2373 357 2427 satis
376 2377 419 2427 est
436 2371 570 2427 meruisse
588 2371 674 2427 semel
692 2372 857 2443 cognomina
875 2372 980 2428 Marti:

245 2453 427 2527 Persequitur
444 2453 545 2510 Parthi
563 2454 642 2525 signa
658 2460 771 2509 retenta
787 2473 881 2510 manu.
1009 2457 1063 2509 580

209 2536 286 2593 Gens
305 2537 359 2592 fuit
377 2543 406 2592 et
424 2537 536 2608 campis,
556 2542 585 2591 et
603 2535 691 2608 equis,
710 2541 740 2591 et
757 2541 820 2592 tuta
837 2537 956 2609 sagittis,

244 2619 285 2674 Et
303 2619 476 2676 circumfusis
494 2619 570 2673 invia
586 2617 755 2675 fluminibus.

208 2701 385 2758 Addiderant
403 2702 509 2757 animos
528 2700 691 2757 Crassorum
709 2700 808 2757 funera
825 2702 921 2773 genti3

245 2782 318 2838 Cum
334 2784 418 2855 periit
435 2783 523 2846 miles,
543 2783 686 2855 signaque,
706 2783 819 2856 duxque
837 2783 930 2840 simul.

209 2864 303 2938 Signa,
323 2866 407 2921 decus
426 2864 501 2929 belli,
520 2864 642 2920 Parthus
660 2865 788 2922 Romana
804 2866 927 2931 tenebat,
1008 2869 1066 2921 585
1100 2899 1106 2928 1

243 2947 431 3020 Romanaque
450 2947 549 3018 aquila
567 2945 684 3018 signifer
701 2947 789 3003 hostis
808 2953 877 3003 erat.
1103 2943 1106 2954 ’

207 3029 294 3100 Isque
310 3030 402 3100 pudor
419 3029 567 3084 mansisset
585 3029 684 3093 adhuc,
703 3030 758 3084 uisi
775 3029 895 3086 fortibus
914 3028 997 3086 armis

242 3109 357 3161 Gaesaris
375 3110 506 3164 Ausoniae
524 3116 739 3181 protegerentur
758 3130 833 3182 opes.

207 3183 262 3238 Ille
280 3191 360 3240 notas
378 3193 496 3249 veteres,
516 3194 545 3242 et
561 3189 639 3259 longi
657 3191 778 3246 dedecus
797 3193 848 3246 aevi

241 3259 370 3314 Sustulit.
407 3265 559 3333 Agnorunt
576 3270 657 3339 signa
675 3278 791 3343 recepta
808 3291 884 3329 suos.
1008 3277 1069 3332 590

1099 2961 1106 3030 i
