2250 3704
80 179 148 251 ru]
442 177 567 233 rssrr.
895 179 930 238 w

79 323 146 380 Dux
163 341 274 394 quoque
292 321 429 377 Neritius.
466 321 564 378 Testes
581 321 775 395 Lestrygones
794 328 913 388 exstant,

114 406 154 461 Et
171 405 247 478 quod
264 405 354 460 adhuc
373 405 466 460 Circes
484 405 596 459 nomina
612 405 692 460 littus
710 405 804 462 habet.
895 405 931 464 70

79 488 120 544 Et
134 490 193 561 jam
210 487 352 560 Telegoni,
369 489 428 559 jam
445 488 546 542 moenia
563 487 674 542 Tiburis
692 488 742 543 udi

116 569 242 633 Stabant,
260 569 397 641 Argolieae
416 569 491 640 quod
508 587 626 640 posuere
643 587 751 626 manus.

78 652 205 708 Venerat
221 652 328 706 Atridae
345 651 411 706 fatis
430 652 550 723 agitatus
569 651 709 716 Halesus;

114 736 141 789 A
160 752 215 807 quo
233 753 263 789 se
281 733 384 789 dictam
401 738 477 788 terra
494 733 604 789 Falisca
621 739 712 806 putat.

78 817 179 889 Adjice
197 817 322 888 Trojanae
341 835 481 871 suasorem
499 817 643 871 Antenora
660 817 743 888 pacis,
893 819 928 877 70

114 899 155 954 Et
172 918 305 971 generum
324 899 457 963 OEniden‚
475 899 587 971 Appule
604 899 714 964 Daune,
732 905 822 956 tuum.

80 982 167 1038 Serus
184 982 219 1037 ab
237 981 340 1045 Hiacis,
359 988 389 1037 ct
405 987 470 1052 post
486 981 639 1046 Antenora,
658 980 776 1037 flammis

115 1064 221 1119 Attulit
238 1063 343 1119 AEneas
362 1063 392 1117 in
408 1064 469 1118 loca
486 1069 583 1118 nostra
599 1063 674 1118 deos.

79 1145 176 1218 Hujus
195 1151 255 1201 erat
273 1145 403 1217 Solymus
420 1145 546 1217 Phrygia
563 1163 653 1200 comes
672 1146 751 1201 exsul
769 1148 803 1202 ab
821 1146 884 1212 Ida,

114 1229 142 1283 A
160 1246 216 1300 quo
235 1228 374 1283 Sulmonis
393 1228 494 1282 moenia
511 1246 614 1282 nomen
631 1227 752 1293 habent;
895 1234 931 1286 80

81 1311 221 1367 Sulmonis
239 1311 332 1382 gelidi,
351 1311 457 1381 petriae,
478 1309 650 1374 Germanice,
670 1317 780 1366 nostrae.

115 1393 168 1449 Me
185 1393 325 1456 miserum,
346 1392 478 1464 Scythico
495 1411 579 1464 quam
595 1393 694 1463 procul
710 1393 758 1447 illa
776 1393 834 1448 solo
852 1395 909 1450 est!

76 1475 159 1546 Ergo
177 1481 303 1547 egotam
321 1474 424 1547 longe?
442 1475 493 1530 sed
510 1475 659 1547 supprime,
673 1474 766 1539 Musa,
786 1477 928 1548 querelas:

112 1557 144 1613 N
146 1576 184 1612 on
200 1558 253 1612 tibi
268 1564 333 1613 sunt
349 1563 446 1612 maesta
463 1576 541 1612 sacra
559 1558 682 1612 canenda
699 1557 769 1630 lyra.

77 1644 145 1713 Quo
162 1661 220 1698 non
237 1643 307 1699 livor
325 1643 403 1698 ubit?
421 1649 487 1698 sunt
499 1644 548 1715 qui
559 1644 612 1698 tibi
625 1645 728 1699 mensis
739 1644 873 1700 honorem
894 1649 929 1701 85

113 1725 260 1798 Eripuisse
277 1726 373 1790 velint,
391 1725 597 1797 invideantque,
616 1725 723 1781 Venus.

75 1808 165 1873 Nam,
185 1808 250 1880 quia
266 1827 316 1863 ver
333 1808 423 1879 aperit
440 1813 508 1863 tunc
526 1808 626 1872 omnia,
646 1807 785 1880 densaque
804 1809 878 1864 cedit

113 1890 241 1962 Frigoris
259 1891 401 1962 asperitas,
420 1890 533 1962 fetaque
551 1896 627 1944 terra
643 1897 738 1962 patetz

75 1974 207 2046 Aprilem
223 1979 378 2028 memorant
396 1973 432 2028 ab
450 1978 546 2045 aperto
563 1978 688 2044 tempore
707 1973 828 2029 dictum:

116 2056 210 2124 Quem
227 2054 324 2110 Venus
345 2055 448 2127 injecta
464 2055 588 2110 vindicat
606 2055 678 2110 ulma
694 2075 788 2111 manu.
895 2060 932 2112 90

75 2141 137 2198 Illu
155 2142 268 2214 quidem
284 2147 376 2196 toturn
395 2141 557 2213 dignissima
573 2146 712 2212 temperat
729 2143 840 2197 orbem:

113 2225 173 2279 Hla
189 2229 267 2279 tenet
284 2223 362 2278 nullo
378 2241 466 2294 regna
482 2223 590 2278 minora
608 2223 675 2278 deo:

74 2307 209 2378 Juraque
226 2305 275 2360 dut
293 2305 368 2368 coelo,
387 2310 478 2368 terrm,
498 2304 635 2360 natalibus
653 2304 753 2370 undis;

114 2389 228 2459 Perque
246 2405 309 2442 suos
327 2388 412 2441 initus
431 2387 555 2442 continet
572 2405 654 2442 omne
672 2406 769 2459 genus.

73 2472 136 2528 Illa
154 2471 221 2525 deos
239 2488 334 2525 omnes
354 2469 480 2541 (longum
498 2471 671 2539 enumerare)
691 2470 809 2525 creavit:
896 2475 931 2527 95

113 2553 173 2608 Illa
191 2553 257 2607 satis
276 2570 371 2607 causas
391 2551 592 2624 arboribusque
610 2553 704 2608 dedit:

71 2636 137 2693 Illa
154 2636 240 2690 rudes
258 2636 363 2690 animos
381 2634 525 2689 hominum
544 2635 682 2690 contraxit
698 2635 729 2689 in
745 2653 842 2700 unum,

113 2719 158 2774 Et
176 2717 271 2772 docuit
286 2717 369 2789 jungi
387 2735 450 2771 oum
467 2736 534 2788 pare
552 2735 690 2788 quemque
709 2736 767 2772 sua.

70 2799 160 2872 Quid
171 2819 260 2872 genus
272 2817 354 2855 omne
367 2805 442 2854 creat
449 2800 601 2864 volucrum,
611 2800 666 2854 nisi
676 2799 780 2854 blanda
787 2800 933 2872 voluptas?

111 2883 146 2940 N
148 2901 179 2938 eo
200 2888 301 2938 coeunt
317 2881 446 2954 pecudes,
466 2882 490 2936 si
507 2882 576 2936 levis
595 2882 669 2937 absit
687 2901 773 2937 amor.
881 2887 934 2939 100

66 2969 154 3026 Cum
171 2983 249 3019 mare
266 2970 332 3018 trux
350 2965 421 3019 aries
440 2981 526 3018 cornu
544 2965 682 3019 decertat:
702 2970 731 3019 at
747 2965 821 3020 idem

1 3016 20 3098 1
110 3048 255 3106 Frontem
273 3047 379 3101 dileotae
396 3046 496 3100 laedere
513 3047 603 3118 parcit
619 3047 687 3100 ovis.

63 3131 219 3204 Deposita
235 3135 333 3184 taurus
348 3129 475 3200 sequitur
492 3129 603 3184 feritate
618 3129 774 3200 juvencam,

110 3215 213 3283 Quem
230 3211 286 3266 toti
303 3211 398 3274 saltus,
418 3229 501 3282 quem
519 3229 617 3266 nemus
635 3229 716 3266 omne
734 3210 838 3265 tremit.

62 3299 130 3356 Vis
151 3294 261 3357 eudem,
279 3294 338 3348 lato
356 3294 541 3365 quodcunque
560 3293 612 3348 sub
630 3311 739 3364 aequore
756 3293 835 3356 vivit,
885 3295 937 3348 105

1 3457 3 3462 ,
108 3381 229 3442 Servat,
248 3381 278 3432 et
295 3375 449 3432 innumeris
466 3375 587 3449 piscibus
605 3375 703 3446 implet
721 3391 815 3446 aquas.
