2250 3704
205 105 241 159 96
436 105 470 160 P.
490 104 629 161 OVIDII
646 105 823 162 NASONIS
984 107 1059 178 [Lis.

206 249 276 318 Qua
293 268 399 322 precor,
413 252 556 306 eveniant:
577 256 606 307 et
622 271 673 308 nos
692 253 824 308 faciamus
837 252 874 308 ad
886 270 993 307 annum
1014 251 1062 309 775
1121 249 1122 320 l

241 331 390 388 Pastorum
408 333 524 389 domina
543 335 659 407 grandia
676 335 734 390 liba
750 335 820 390 Pali.
1121 351 1122 372 ¹

206 413 261 469 His
280 415 332 470 dea
348 416 484 487 placanda
502 423 559 472 est:
581 416 641 472 haec
658 424 692 472 tu
710 436 857 473 conversus
876 419 912 472 ad
930 423 1013 474 ortus
1121 383 1122 432 l

209 545 211 548 .
240 497 296 552 Dic
313 504 364 563 ter,
384 505 413 554 et
430 500 460 554 in
477 501 541 554 vivo
558 501 655 570 perlue
673 518 736 555 rore
754 519 861 556 manus.

205 580 278 636 Tum
295 581 361 636 licet
378 583 512 653 apposita,
530 583 619 637 veluti
637 589 753 648 cratere,
773 571 895 647 c'amella,

240 662 298 719 Lac
316 665 428 719 niveum
444 671 532 737 potes,
551 683 775 738 purpureamque
794 685 903 737 sapam:
1011 667 1063 725 780
1094 707 1114 736 ,

205 747 331 819 Moxque
348 766 399 819 per
417 748 545 802 ardentes
564 748 672 820 stipulae
691 749 851 822 crepitantis
870 767 983 804 acervos

241 827 373 901 lbrajicias
392 830 474 886 celeri
493 837 607 886 strenua
624 831 749 886 membra
766 832 846 902 pede.

204 913 355 984 Expositus
373 932 432 968 mos
451 920 502 969 est.
539 914 630 969 Moris
647 913 718 968 mihi
734 920 822 969 restat
841 915 927 986 origo.

241 995 336 1052 Turba
352 996 420 1051 facit
438 996 562 1060 dubium,
582 1003 726 1068 coeptaque
744 1004 840 1052 nostra
858 1003 944 1054 tenet.
1121 1063 1122 1076 ἵ

205 1079 308 1135 Omnia
324 1085 427 1152 purgat
445 1081 516 1134 edax
533 1080 614 1151 ignis,
633 1081 788 1152 vitiumque
805 1081 925 1136 metallis
1009 1082 1062 1140 785
1121 1083 1122 1128 l

240 1161 395 1234 Excoquit:
415 1163 517 1218 idcirco
536 1181 600 1218 cum
617 1163 688 1219 duce
706 1169 808 1235 purgat
826 1182 900 1219 oves.

204 1245 259 1311 An,
279 1247 345 1318 quia
363 1251 525 1300 cunctarum
542 1245 681 1300 contraria
699 1246 804 1301 semina
820 1265 915 1302 rerum

242 1328 315 1385 Sunt
333 1327 388 1383 duo
406 1326 555 1392 discordes,
573 1329 646 1400 ignis
665 1334 695 1384 et
712 1329 795 1392 unda,
816 1331 876 1393 dei;

203 1411 366 1467 Junxerrmt
383 1410 521 1466 elementa
537 1417 639 1482 patres,
659 1416 811 1484 aptumque
828 1418 965 1484 putarunt
1121 1475 1122 1488 ἵ

240 1493 358 1566 Ignibus
377 1499 406 1548 et
424 1512 519 1565 sparsa
535 1499 650 1565 tangere
670 1513 768 1566 corpus
787 1495 878 1567 aqua?
1009 1496 1064 1554 790

204 1577 259 1641 An,
278 1577 354 1649 quod
371 1577 401 1631 in
418 1576 462 1631 his
480 1577 544 1632 vitis
562 1583 720 1632 causaest:
741 1577 799 1632 hac
817 1578 940 1650 perdidit
957 1581 1040 1635 exul:

240 1660 296 1716 His
313 1679 386 1715 nova
403 1659 437 1714 fit
454 1661 571 1731 conjux;
591 1659 648 1715 haec
667 1659 723 1714 duo
740 1679 841 1732 magna
858 1661 980 1732 putant?

203 1743 261 1800 vix
280 1743 410 1816 equidem
428 1743 526 1807 cred03
546 1747 612 1797 sunt
630 1743 678 1814 qui
696 1743 872 1799 Phaethonta
889 1745 989 1800 referri

240 1826 371 1890 Credant,
391 1831 419 1880 et
437 1826 535 1880 nimias
554 1824 732 1880 Deucalionis
751 1845 844 1898 aquas.

204 1909 274 1965 Pars
292 1927 411 1981 quoque,
431 1927 495 1964 cum
513 1909 586 1964 saxis
604 1913 728 1980 pastores
748 1928 815 1964 saxa
833 1910 955 1974 ferirent,
1007 1910 1065 1968 795
1121 1915 1122 1920 ’

241 1992 396 2048 Scintillam
414 1991 506 2046 subito
524 1991 685 2063 prosiluisse
703 1991 806 2047 ferunt.

204 2075 300 2131 Prima
317 2076 430 2148 quidem
447 2075 547 2146 periit;
567 2074 676 2146 stipulis
696 2082 811 2147 excepta
829 2075 949 2131 secunda
966 2083 1020 2132 est.

206 2169 209 2174 '
240 2158 306 2214 Hoc
323 2157 480 2230 argumenti
497 2156 608 2212 flamma
626 2156 722 2212 Palilis
739 2157 832 2214 habet.

204 2242 251 2298 An
268 2243 356 2314 magis
373 2240 448 2296 hune
466 2257 571 2296 morem
588 2241 678 2312 pietas
696 2240 797 2296 AEneia
815 2241 889 2305 fecit,

240 2324 397 2380 Innocuum
414 2323 488 2378 victo
507 2322 552 2378 cui
570 2322 647 2377 dedit
664 2322 737 2394 ignis
755 2324 829 2378 iter?
1007 2329 1068 2382 800

205 2407 270 2463 Hoc
287 2413 382 2462 tamen
400 2412 443 2462 est
459 2423 526 2460 vero
544 2406 667 2477 propius,
686 2425 750 2461 cum
769 2407 880 2462 condita
897 2405 990 2462 Roma
1008 2417 1067 2474 est,

240 2489 397 2547 Transferri
410 2491 503 2561 jussos
521 2489 552 2542 in
569 2506 642 2543 nova
660 2494 735 2544 tecta
753 2488 854 2552 Lares;

205 2573 406 2645 Mutantesque
425 2572 538 2627 domum
555 2571 636 2626 tectis
655 2573 810 2644 agrestibus
829 2573 922 2645 ignem

238 2656 280 2712 Et
298 2661 443 2712 cessatura
460 2655 637 2726 supposuisse
654 2674 722 2711 caess
731 2680 738 2721 ;

204 2739 260 2794 Per
277 2739 400 2794 flammas
419 2738 533 2793 saluisse
550 2756 643 2810 pecus,
663 2739 777 2794 saluisse
795 2737 927 2792 colonos?

240 2821 324 2890 Quod
342 2821 376 2876 fit
393 2821 479 2876 natali
496 2840 571 2876 nunc
589 2840 708 2893 quoque,
727 2820 826 2884 Roma,
844 2827 903 2876 tuo.

203 2904 270 2977 Ipse
288 2904 364 2959 locus
382 2923 478 2959 causas
495 2905 555 2960 vati
571 2904 645 2960 facit.
682 2904 769 2960 Urbis
787 2905 866 2975 origo

239 2986 342 3041 Venit:
363 2987 428 3042 ades
447 2987 534 3052 festis,
553 3005 653 3058 magne
672 2986 799 3055 Quirine,
819 2987 883 3042 tuis.

203 3070 224 3124 J
225 3089 270 3123 am
287 3070 378 3123 luerat
395 3088 490 3140 poenas
507 3070 595 3125 frater
612 3069 779 3133 Numitoris,
800 3076 829 3124 et
846 3087 928 3124 omne

239 3149 388 3203 Pastorum
406 3151 516 3220 gemino
534 3151 587 3206 sub
606 3151 676 3206 duce
693 3153 795 3224 vulgus
814 3158 882 3207 erat.

204 3227 374 3282 Contrahere
393 3237 524 3298 agrestes,
544 3239 574 3286 et
590 3235 692 3288 moenia
708 3253 812 3306 ponere
830 3235 942 3306 utrique

239 3305 384 3361 Convenit.
419 3311 582 3382 Ambigitur
599 3315 702 3371 moenia
720 3324 807 3389 ponat
824 3324 896 3373 uter.
