2250 3704
216 70 268 123 112
445 69 478 125 Ρ.
499 69 637 126 0va
654 49 832 128 ‘nnsoms
986 73 1056 145 [ns.

215 215 324 281 Stabat,
342 223 376 272 ut
394 221 459 272 ento
476 222 594 288 patrem,
612 217 743 289 lacrymis
761 217 891 290 periimus
910 220 1039 278 Achilles:

250 299 297 355 Sic
314 298 423 355 flendus
442 298 552 363 Peleus,
572 301 596 354 si
613 306 776 366 moreretur,
795 308 864 357 erat.

215 382 295 455 Saepe
313 401 411 439 manns
429 401 516 454 aegrss
534 383 663 438 manibus
681 382 807 456 fingebat
824 385 937 451 amicis3

250 465 373 530 Morum,
393 483 462 536 quos
481 465 555 529 fecit,
574 466 687 537 praemis
705 467 802 522 doctor
818 468 913 524 hebet.
1010 473 1056 524 410

214 547 318 603 Oscula
336 567 407 620 saepe
426 548 520 612 dedit;
540 548 611 603 dixit
628 566 740 621 quoque
758 569 830 622 saeps
846 551 959 623 jacenti,

249 631 331 694 Vive,
349 650 456 703 precor,
475 650 527 686 nec
545 650 598 695 me,
618 651 689 696 esre,
707 633 843 704 relinque,
861 640 951 705 pater.

213 713 299 770 Nona
317 715 376 770 dies
394 715 507 778 oderst;
527 732 592 769 cum
609 719 650 778 tu,
667 715 820 786 justissime
838 715 952 782 Chiron,

249 797 299 853 Bis
317 803 425 869 septem
442 796 529 853 stellis
548 815 664 870 corpora
681 798 788 854 cinctus
806 817 875 855 eras.

213 961 300 1018 Hunc
316 961 392 1035 Lyre
407 981 493 1018 curva
510 962 590 1035 sequi
607 967 738 1034 cuperet;
758 963 808 1018 sed
825 962 926 1019 idonea
941 964 1058 1020 nondum

248 1045 303 1100 Est
319 1046 373 1101 vic.
409 1045 439 1100 N
441 1065 476 1101 ox
493 1051 591 1118 aptum
607 1046 691 1101 tertis
708 1052 818 1118 tempus
837 1047 899 1102 crit.
1010 1052 1057 1104 416

213 1127 344 1200 Scorpius
363 1129 392 1183 in
410 1129 486 1193 coelo,
506 1147 569 1184 cum
586 1146 646 1183 cras
664 1127 803 1183 lucescere
821 1129 851 1183 N
852 1147 920 1184 onus

247 1210 382 1277 Dicimus,
402 1229 419 1265 a
436 1211 528 1266 medic
544 1215 623 1283 purte
641 1211 780 1267 notandus
799 1211 861 1266 erit.

211 1375 289 1432 Hinc
306 1377 356 1433 ubi
372 1376 521 1449 protulerit
537 1376 658 1431 formosa
675 1381 720 1432 ter
737 1375 883 1449 Hesperus
901 1396 958 1444 ora,

247 1460 303 1515 Ter
320 1459 450 1515 dederint
467 1459 573 1514 Phoebo
592 1459 683 1514 sidera
700 1460 774 1515 victa
790 1461 882 1516 locum
891 1485 899 1526 ;
1011 1463 1060 1518 420

210 1541 295 1599 Ritus
314 1543 367 1598 erit
383 1541 494 1606 veteris,
513 1547 651 1597 nocturna
668 1539 806 1606 Lemuria,
826 1543 913 1610 sacri;

245 1627 367 1682 Inferius
385 1625 477 1682 tacitis
495 1625 629 1681 Manibus
647 1625 696 1680 illc
714 1625 828 1681 dabunt.

210 1710 310 1768 Annus
329 1714 390 1765 erat
406 1709 532 1774 brevi0r;
550 1726 603 1763 nec
621 1708 712 1764 adhuc
730 1709 777 1781 pia
793 1709 892 1764 februs
909 1717 1019 1776 norunt,

246 1793 276 1847 N
278 1812 309 1849 ec
326 1799 360 1848 tu
377 1792 434 1848 dux
451 1809 587 1855 mensum,
606 1790 680 1846 June
697 1791 831 1856 biformis,
851 1811 921 1849 erus.
1104 1837 1108 1865 ,

209 1874 232 1930 J
232 1895 276 1931 sm
294 1881 389 1931 tamen
407 1875 544 1930 exstincto
561 1874 649 1929 cineri
666 1893 718 1929 sua
736 1874 808 1929 dons
825 1874 961 1941 ferebant,
1010 1879 1060 1932 425
1107 1913 1108 1974 p

247 1958 455 2031 Compositique
473 1975 559 2030 nepos
577 1956 661 2012 busta
677 1957 773 2028 piabat
790 1958 843 2013 cvi.

209 2041 319 2098 Mensis
338 2046 397 2096 eret
415 2040 519 2105 Maius,
537 2041 676 2111 majorum
693 2041 804 2096 nomine
823 2041 923 2106 dictus,
1106 2059 1107 2121 p

246 2124 304 2193 Qui
321 2130 431 2196 partem
447 2122 533 2196 prisci
550 2141 624 2177 nunc
642 2141 753 2195 quoque
770 2125 855 2179 moris
872 2125 968 2180 hebet.

209 2208 239 2263 N
241 2225 276 2263 ox
292 2208 343 2262 ubi
356 2209 416 2280 jam
433 2205 526 2262 medis
543 2211 594 2268 est,
614 2223 767 2278 somnoque
785 2207 895 2262 silentiu
911 2208 1027 2280 praebet,
1105 2221 1106 2267 l

245 2290 285 2345 Et
303 2290 386 2354 cunis,
405 2295 434 2344 et
451 2289 534 2344 variae
552 2288 724 2343 conticuistis
742 2308 823 2354 cves3
1011 2292 1060 2346 430

209 2372 263 2430 Ille
281 2391 387 2429 memor
404 2373 506 2428 veteris
523 2372 604 2435 ritus,
623 2371 794 2443 timidusque
812 2372 937 2438 deomm,
1104 2367 1105 2413 l

246 2455 358 2528 Surgit:
377 2455 483 2511 hebent
501 2453 604 2526 gemini
620 2454 731 2508 ‘vinculo
748 2455 825 2510 nulls
841 2455 937 2526 pedes.

210 2538 351 2612 Signaque
370 2539 418 2594 dct
436 2537 531 2608 digitis
549 2536 641 2591 medio
659 2555 723 2591 cum
740 2537 839 2609 pollice
853 2539 971 2610 junctis,

244 2621 382 2677 Occurrat
398 2619 484 2675 tacito
501 2638 537 2674 ne
554 2619 623 2674 levis
641 2619 741 2676 umbra
758 2621 820 2675 sibi.
1102 2613 1103 2707 l

208 2703 318 2775 Terque
335 2722 433 2759 monus
451 2721 535 2773 puras
552 2701 667 2757 fontana
684 2702 789 2774 perluit
806 2704 899 2768 undu
1012 2705 1063 2759 435

243 2786 381 2850 Vertitur,
401 2791 430 2841 et
447 2786 540 2856 nigras
559 2785 660 2856 accipit
677 2802 725 2840 ore
744 2785 836 2840 fabas:

207 2869 386 2940 Aversusquc
401 2868 485 2940 jacit:
506 2867 555 2922 sed
573 2866 640 2922 dum
654 2868 732 2939 jacit,
753 2867 822 2923 Haec
840 2887 892 2940 ego
910 2870 1015 2938 mitto;
1090 2863 1101 2946 4

243 2950 308 3017 His,
326 2951 427 3023 inquit,
446 2949 552 3005 redimo
570 2969 670 3021 meque
688 2969 820 3022 meosque
838 2951 919 3007 fabis.

207 3033 272 3089 Hoc
289 3034 384 3088 novies
403 3033 478 3097 dicit,
497 3052 549 3088 neo
565 3025 686 3105 respicit]
723 3033 832 3088 Umbra
847 3040 968 3107 putatur

242 3113 388 3182 Colligere,
407 3120 437 3167 et
454 3114 531 3168 nullo
548 3119 628 3185 terge
645 3116 758 3171 vidente
777 3117 863 3188 sequi.
1015 3121 1069 3172 410

205 3189 315 3244 Rursus
333 3209 434 3260 aquam
451 3195 550 3263 tangit,
570 3195 764 3268 Temesaeaque
783 3208 932 3272 concrepat
951 3219 1028 3257 aera:

240 3265 281 3319 Et
297 3273 385 3336 rogat,
404 3275 438 3323 ut
454 3275 535 3328 tectis
555 3283 635 3330 exest
651 3279 753 3333 umbra
770 3281 836 3336 suis.
