2252 3706
56 99 99 172 u]
296 123 298 130 ν
427 103 552 161 rrsrr.
876 115 909 168 re

60 243 136 313 Quid
143 249 221 300 vetat
228 251 257 300 et
266 245 368 310 stellas,
380 253 415 302 ut
423 267 540 320 quaque
550 249 693 322 oriturque
703 252 841 327 caditque,
854 257 907 312 295

94 327 216 384 niceros
233 329 363 401 promissi
379 349 443 402 pars
462 331 517 387 fuit
533 333 589 388 ista
605 335 669 389 mei.

58 411 167 467 Felices
184 411 299 476 animos,
319 412 421 484 quibus
438 413 497 469 haec
515 433 679 487 cognoscem
696 418 802 491 primia,

93 493 185 566 Inque
203 495 299 550 domos
316 513 430 567 superas
448 498 582 554 scandere
600 519 668 555 cura
684 500 754 556 fuit!

58 577 198 633 Credibile
216 582 260 632 est
276 576 338 632 illos
355 577 461 650 pariter
478 579 610 652 vitiisque
627 581 750 655 locisque

12 701 27 757 Ι
93 659 187 715 Altius
204 659 332 715 humanis
351 661 504 717 exseruisse
523 669 615 736 caput.
856 673 909 726 300

56 743 88 799 N
89 762 125 798 ou
143 742 242 798 Venus
260 749 289 798 et
305 743 403 800 vinum
421 744 552 800 sublimia
567 752 682 818 pectora
698 747 792 822 fregit,

94 825 256 881 Officiumve
273 825 335 890 fori,
353 825 493 882 militiave
510 827 607 893 labor;

57 909 121 965 Nec
138 908 206 964 levis
225 909 348 973 ambitio,
366 909 536 983 perfusaque
553 911 642 984 gloria
658 913 730 980 fuco,

93 991 297 1064 Magnarumve
315 991 401 1048 fames
420 991 569 1048 solicitevit
586 1012 679 1068 opum.

57 1076 216 1132 Admovere
234 1074 320 1130 oculis
339 1074 472 1130 distantia
491 1076 583 1132 sidera
600 1080 692 1145 terris,
856 1087 908 1142 305

93 1158 266 1231 AEtheraque
284 1159 396 1230 ingenio
414 1177 583 1231 supposuere
601 1180 660 1218 suo.

59 1241 106 1298 Sic
123 1241 229 1314 petitur
246 1241 360 1296 coslum:
379 1259 437 1296 uon
454 1248 488 1297 ut
505 1241 578 1300 ferat
597 1244 689 1300 Ossan
706 1246 853 1322 Olympus,

95 1323 264 1397 Summaque
281 1324 409 1380 Peliacus
428 1325 521 1380 sidera
537 1331 636 1398 tangat
654 1347 731 1401 apex,

57 1407 121 1464 Nos
139 1425 249 1479 quoque
267 1407 320 1462 sub
338 1407 456 1463 ducibus
475 1407 576 1464 coelum
591 1411 760 1468 metabimur
778 1414 841 1481 illis,

93 1489 288 1563 Ponemusque
306 1507 371 1546 suos
388 1489 425 1546 ad
442 1495 517 1546 stata
534 1491 616 1574 signa
633 1493 700 1550 dies.
855 1503 909 1556 310

56 1656 137 1728 Ergo
153 1656 204 1712 ubi
220 1674 276 1711 nox
293 1656 384 1712 aderit
400 1657 528 1713 venturis
546 1659 632 1713 tertia
648 1658 679 1714 N
680 1661 749 1727 onis,

94 1738 250 1812 Sparsaque
269 1739 374 1795 ooelesti
390 1757 454 1795 rore
471 1739 596 1796 madebit
612 1741 714 1798 humus
723 1769 731 1809 3

58 1822 205 1895 Octipedis
223 1822 328 1878 frustra
346 1828 510 1895 quaerrmtur
526 1823 640 1880 brachia
658 1825 772 1886 Cancri:

92 1905 220 1978 Praceps
238 1906 366 1962 occiduas
384 1905 432 1961 ille
451 1907 557 1962 subivit
575 1925 669 1980 aquas.

54 1988 217 2044 Institerint
235 1988 340 2053 Nouae3
365 1988 444 2044 missi
461 1988 515 2044 tibi
531 1990 654 2045 nubibus
672 1993 741 2049 atris
856 1999 908 2054 315

94 2070 181 2143 Signa
197 2069 305 2128 dabunt
321 2070 434 2135 imbres,
453 2071 594 2127 exoriente
611 2071 696 2146 Lyra.

56 2231 188 2300 Quatuor
204 2230 275 2286 adde
294 2229 353 2285 dies
371 2229 461 2286 ductis
479 2249 515 2286 ex
531 2231 629 2288 ordine
647 2231 677 2288 N
678 2233 737 2290 onis
746 2258 754 2301 ς

92 2313 114 2368 J
115 2332 183 2368 anus
200 2312 322 2384 Agonali
338 2312 399 2368 luce
417 2313 536 2384 piandus
554 2315 616 2370 erit.

54 2395 188 2452 Nominis
205 2413 265 2450 esse
282 2400 362 2467 potes
380 2395 537 2451 succinctus
555 2415 638 2452 causa
654 2398 790 2465 minister,

93 2477 197 2534 Hostia
214 2478 352 2534 ooelitibus
369 2496 425 2550 quo
443 2478 560 2534 feriente
579 2479 669 2534 cadit:
856 2486 910 2541 320

56 2561 118 2630 Qui
135 2561 224 2617 calido
241 2562 352 2617 strictos
369 2561 509 2618 tincturus
528 2562 663 2634 sanguine
681 2562 794 2628 cultros,

94 2643 219 2715 Semper,
238 2643 359 2716 egatus?
377 2649 474 2716 rogat;
493 2663 545 2700 nec
562 2644 618 2699 nisi
631 2645 727 2718 jussus
745 2646 813 2719 agit.

52 2727 137 2791 Pars,
150 2726 283 2799 quianon
300 2726 414 2782 veniant
430 2727 560 2798 pecudes,
574 2727 624 2783 sed
641 2734 768 2799 agantrrr,
781 2729 817 2786 ab
835 2736 900 2788 aotu

92 2809 206 2865 Nomen
223 2808 379 2880 Agonalem
397 2809 486 2866 crodit
503 2809 605 2864 habere
623 2809 706 2865 diem.

51 2892 128 2950 Pars
145 2898 227 2966 putat
243 2892 298 2948 hoo
315 2891 417 2948 festum
435 2892 533 2963 priscis
552 2891 673 2964 Agnalia
690 2892 811 2963 diotum3
858 2899 910 2954 325

13 2981 26 3024 t
91 2973 160 3030 Una
176 2975 214 3029 sit
230 2979 264 3031 ut
280 2973 394 3047 proprio
404 2974 500 3030 littera
517 2973 611 3030 demta
627 2974 697 3031 loco.

52 3057 112 3121 An,
133 3057 347 3132 quiapraevisos
365 3057 395 3112 in
413 3075 485 3129 aqua
502 3056 584 3112 timet
600 3056 693 3114 hostia
710 3060 822 3127 cultros,

91 3138 120 3194 A
135 3139 243 3211 pecoris
260 3139 310 3195 lux
328 3144 372 3195 est
389 3138 444 3196 ista
461 3143 558 3195 notata
575 3139 673 3195 metu?

51 3222 128 3280 Pars
147 3222 240 3287 etiam,
259 3221 321 3278 fleri
338 3221 427 3278 solitis
444 3227 525 3278 atate
542 3221 668 3293 priorum

90 3303 123 3362 N
124 3304 219 3362 omina
236 3303 272 3362 de
288 3303 362 3362 lodis
378 3303 465 3362 Graia
481 3304 579 3362 tulisse
597 3305 680 3362 diam.
858 3312 912 3366 330
