2250 3704
92 171 145 244 v.]
165 233 167 236 ,
456 173 582 232 mssa

94 319 166 376 cum
183 319 254 375 dixit
271 318 375 383 novies,
395 319 495 374 Manes
515 321 588 376 exite
605 322 732 392 paterni;

126 403 260 475 Respicit,
280 408 309 457 et
325 421 396 474 pure
414 421 491 457 sacra
507 409 621 474 peracta
638 410 729 476 putat.

91 485 178 541 Dicte
195 485 232 540 sit
248 485 324 540 unde
342 484 409 548 dies,
429 499 490 556 qua
507 486 627 541 nominis
646 493 736 545 exstet
754 489 840 561 origo,
891 493 944 548 445

127 567 180 623 Me
197 567 278 639 fiigit.
314 567 360 621 Ex
378 567 470 639 aliquo
488 573 531 622 est
548 568 715 625 invenienda
732 571 793 626 deo.

90 649 206 706 Pleiade
223 655 297 713 nate,
315 667 407 713 mone,
425 649 504 720 virga
521 651 678 707 venerande
696 654 819 725 potenti:

129 731 208 805 Saepe
225 732 279 787 tibi
297 731 390 804 Stygii
405 733 484 801 regia
501 732 561 787 visa
578 733 599 789 J
599 733 667 789 ovis.

90 814 181 871 Venit
198 814 327 870 adoratus
346 813 501 870 Caducifer.
537 816 642 887 Accipe
661 834 772 873 causam

127 897 158 952 N
160 897 274 962 ominis;
294 915 328 952 ex
345 896 406 968 ipso
424 897 535 968 cognita
553 917 635 953 causa
653 898 705 954 deo
724 905 775 955 est.
891 905 946 959 450

89 979 229 1035 Bomiilus
246 985 280 1036 ut
296 979 405 1034 tumulo
423 979 560 1034 fraternas
579 980 703 1036 condidit
720 983 843 1048 umbras,

126 1061 168 1116 Et
185 1061 256 1117 male
274 1062 364 1117 veloci
377 1063 455 1134 justa
473 1061 564 1116 soluta
581 1062 671 1118 Remo
680 1087 688 1129 3

89 1143 243 1200 Faustulus
261 1143 366 1208 infelix,
385 1150 414 1199 et
431 1143 520 1215 passis
538 1143 613 1199 Acca
631 1145 737 1216 capillis

128 1225 303 1298 spargebant
320 1225 450 1298 lacrymis
467 1243 531 1280 ossa
546 1232 662 1297 perusta
679 1227 746 1283 suis.

87 1308 165 1364 Inde
182 1307 296 1363 domum
307 1307 426 1362 redeunt
439 1307 491 1363 sub
503 1308 594 1380 prima
605 1310 766 1381 crepuscula
776 1311 874 1378 maesti,
892 1316 945 1370 455

125 1389 224 1462 thue
242 1395 309 1454 erat,
327 1390 358 1444 in
376 1390 446 1445 duro
463 1390 635 1461 procubuere
653 1396 724 1446 toro.

85 1471 201 1528 Umbra
218 1476 333 1528 cruente
350 1470 434 1526 Remi
450 1471 510 1526 visa
528 1477 571 1526 est
589 1472 722 1529 adsistere
740 1474 821 1539 lacto,

124 1556 222 1627 Atque
238 1555 298 1610 hac
316 1554 415 1626 exiguo
431 1572 574 1609 munnure
591 1555 677 1610 verba
693 1556 787 1629 loqui:

84 1636 138 1693 En
157 1653 209 1708 ego
226 1635 372 1691 dimidium
389 1635 476 1690 vestri
492 1653 613 1707 parsque
631 1637 719 1693 altera
736 1639 802 1702 voti,

124 1718 247 1782 Gemite,
261 1719 314 1773 sim
332 1717 438 1789 quelis;
458 1717 507 1789 qui
523 1718 607 1774 modo
624 1719 714 1790 qualis
732 1721 820 1776 eram!
892 1724 946 1780 460

84 1801 150 1871 Qui
166 1800 257 1866 modo,
276 1801 300 1856 si
318 1799 443 1855 volucres
460 1799 621 1856 habuissem
637 1819 726 1873 regna
740 1803 882 1876 jubentes,

126 1884 165 1939 In
181 1883 284 1955 populo
300 1883 380 1955 potui
397 1882 533 1936 maximus
552 1901 612 1937 esse
630 1901 701 1939 meo.

82 1966 177 2024 Nunc
194 1966 289 2038 elapsa
304 1965 366 2036 rogi
383 1963 510 2028 flammis,
529 1969 559 2019 ot
576 1965 666 2020 inanis
685 1967 785 2040 imago,

125 2049 197 2104 Hac
215 2054 258 2103 est
276 2066 310 2104 ex
326 2047 375 2102 illo
392 2046 483 2101 forma
499 2045 597 2102 relicta
614 2047 714 2104 Remo.

82 2130 160 2189 Heu
170 2130 221 2186 ubi
233 2130 312 2186 Mars
324 2134 405 2201 pater
416 2128 479 2184 est?
497 2128 582 2184 sivos
594 2129 677 2184 modo
688 2150 755 2187 vera
765 2132 860 2197 locuti,
891 2134 944 2188 465

123 2213 276 2284 Uberaque
294 2211 424 2284 expositis
442 2211 488 2266 ille
499 2210 597 2266 'ferina
614 2211 700 2268 dedit.
1043 2209 1047 2218 '

81 2297 184 2366 Quem
201 2295 269 2366 lupa
285 2294 413 2358 servavit,
432 2311 531 2348 manus
549 2293 624 2349 hunc
641 2296 789 2350 temeraria
806 2295 873 2352 civis

124 2377 263 2434 Perdidit
299 2376 325 2431 Ο
344 2381 449 2448 quanto
466 2376 561 2430 mitior
578 2375 627 2431 illa
643 2376 713 2432 luit!

82 2462 170 2520 Save
189 2459 279 2524 Celer,
298 2458 439 2514 crudelem
457 2459 578 2514 animam
594 2476 646 2530 per
662 2459 779 2514 vulnera
795 2459 912 2516 reddas:

124 2541 226 2614 thue'
241 2560 301 2614 ego,
321 2541 373 2596 sub
391 2547 481 2596 terras
499 2541 727 2613 sanguinolentus
746 2559 802 2596 eas.
890 2541 945 2599 470

77 2625 193 2684 Noluit
209 2624 263 2680 hoc
280 2624 375 2678 frater.
412 2622 507 2678 Pietas
525 2623 638 2694 aqualis
656 2623 687 2677 in
703 2623 752 2678 illo
769 2627 820 2678 est.

124 2707 212 2777 Quod
228 2706 329 2778 potuit,
347 2706 484 2778 lacrymas
501 2705 532 2760 in
549 2723 612 2760 mea
629 2705 688 2761 fata
706 2704 792 2760 dedit.

74 2789 178 2850 Hunc
194 2806 243 2844 vos
260 2788 473 2860 perlacrymas,
492 2805 543 2859 per
560 2792 654 2843 vestra
672 2787 805 2842 alimenta
822 2791 927 2859 rogate,

122 2871 170 2928 Ut
188 2870 324 2928 celebrem
342 2871 414 2926 festo
432 2871 525 2942 signet
541 2869 648 2925 honore
667 2869 747 2925 diem.

2 3012 6 3030 .
72 2953 275 3016 Mandantem
287 2952 418 3025 amplecti
429 2953 555 3024 cupiunt,
568 2958 598 3006 et
608 2951 723 3007 brachie.
734 2950 870 3006 tendunt:
892 2949 946 3008 475

1 3036 25 3105 Ι
121 3036 247 3093 Lubrica
262 3041 427 3108 prensantes
446 3034 546 3106 effugit
562 3035 663 3090 umbra
679 3051 787 3089 manus.

67 3121 130 3181 Ut
147 3137 244 3176 secum
261 3119 371 3191 fugiens
390 3135 501 3173 somnos
520 3115 636 3192 abduxit
653 3116 754 3187 image,

121 3202 173 3259 Ad
190 3220 286 3273 regem
302 3219 384 3256 voces
402 3200 496 3256 fratris
513 3204 634 3268 uterque
652 3196 755 3252 ferunt.

67 3283 228 3349 Romulus
246 3283 420 3355 obsequitur,
438 3281 584 3352 lucemque
602 3279 738 3335 Remuria
755 3277 825 3334 dixit

117 3368 217 3431 Illam,
237 3384 293 3439 qua
309 3365 409 3438 positis
424 3365 503 3437 justa
520 3362 650 3420 feruntur
667 3362 735 3418 avis.
896 3361 950 3415 480

159 3466 244 3506 omn.
258 3465 336 3505 aser.
790 3446 807 3499 8
