2252 3706
52 3521 62 3553 Ι

56 3565 67 3586 ι

70 94 111 165 u]
309 129 320 148 ι
437 93 563 154 risu.
887 103 921 161 ιι

71 238 199 311 Decipiat
216 258 252 295 ne
270 243 300 296 tc
317 241 404 297 versis
423 248 518 299 temen
535 244 583 299 ille
601 243 708 317 figuris,

105 321 265 394 Impediunt
281 325 405 395 geminus
422 327 533 382 vincula
549 327 631 382 firme
647 347 754 384 munus.
869 331 923 390 370

70 404 203 460 Pervenit
219 405 256 460 cd
272 411 365 462 vatem
380 409 500 479 juvenis,
520 408 698 482 resolutaque
716 429 813 468 somno

105 487 212 559 Alligat
229 489 349 560 equorei
365 490 479 546 brachie
496 498 577 563 capte
592 494 674 548 senis.

68 570 124 626 Ille
143 589 193 626 suc
209 569 309 626 faciem
326 572 500 628 transformis
519 574 659 630 adulterat
677 581 753 631 erte:

106 652 178 707 Mox
195 653 316 708 domitus
333 654 432 710 vinclis
450 656 480 709 in
498 673 549 710 sue
565 658 691 712 membro
707 659 789 715 redit.

70 735 185 806 Oraque
202 735 318 790 cerulea
334 736 435 791 tollens
454 738 580 793 rorantia
596 738 690 802 barbe,
871 742 923 801 375

107 817 180 884 Qus,
199 817 278 880 dixit,
296 836 408 889 reputes
426 825 495 884 erte,
513 821 641 892 requiris,
661 823 747 893 apes?

71 900 168 955 Obrue
180 899 294 955 mactati
311 919 410 972 corpus
428 902 529 957 tellure
545 903 675 975 juvenci:

107 983 192 1050 Quod
208 983 281 1056 petis
299 1003 317 1039 a
333 984 422 1049 nobis,
442 985 559 1040 obrutus
577 986 624 1041 ille
643 986 730 1043 debit.

71 1065 93 1122 J
93 1085 158 1122 usse
174 1066 242 1122 fecit
258 1073 361 1138 pastor.
398 1067 522 1123 Fervent
539 1070 667 1125 examina
682 1071 760 1142 putri

107 1147 152 1204 Do
169 1149 255 1204 bove:
274 1149 351 1204 mille
368 1150 474 1205 enimus
492 1169 550 1206 una
566 1158 666 1207 neceto
683 1154 769 1209 dedit.
872 1159 926 1212 380

70 1230 167 1286 Poscit
184 1248 264 1287 ovem
281 1231 378 1286 fctum.
415 1232 561 1288 Verbenes
579 1234 706 1306 improbe
724 1237 835 1308 carpsit,

108 1313 185 1380 Quas
202 1313 250 1385 pie
267 1313 309 1368 dis
326 1315 399 1369 ruris
417 1314 491 1370 ferre
510 1315 617 1370 solebat
635 1334 713 1372 suus.

72 1395 150 1462 Quid
166 1396 223 1450 tuti
240 1403 374 1468 superest,
393 1398 513 1452 animem
531 1415 594 1453 cum
612 1405 698 1470 ponet
716 1399 746 1456 in
764 1401 819 1457 aris

107 1477 331 1550 Lanigerumque
349 1498 441 1551 pecus,
459 1480 640 1552 ruricolaeque
658 1482 764 1538 boves?

71 1559 171 1616 Placet
189 1579 260 1632 equo
278 1561 370 1616 Persis
388 1562 472 1617 rcdiis
491 1562 657 1635 Hyperiona
675 1565 804 1631 cinctum,
873 1570 925 1624 385

108 1642 139 1697 N
140 1660 156 1697 e
174 1642 257 1698 detur
274 1642 358 1698 celeri
375 1643 488 1699 victima
505 1645 586 1700 tarde
605 1645 667 1700 deo.

71 1724 158 1794 Quod
176 1725 261 1780 semel
278 1732 322 1780 est
338 1726 441 1797 triplici
459 1745 509 1797 pro
525 1728 634 1799 virgine
653 1746 723 1783 caese
740 1728 847 1795 Dicnae,

107 1807 194 1862 Nunc
212 1825 322 1878 quoque
340 1826 391 1879 pro
408 1809 486 1864 nulls
502 1809 610 1880 virgine
629 1828 710 1866 cerva
728 1811 810 1868 cudit.

70 1891 149 1946 Exta
166 1908 266 1946 cunum
282 1890 341 1945 vidi
358 1890 457 1946 Triviae
474 1890 562 1946 libare
582 1891 701 1964 Scpaeos‚

108 1973 150 2028 Et
167 1972 324 2045 quicunque
341 1978 404 2028 tuas
426 1973 532 2037 accolit,
552 1973 660 2038 Heme,
679 1976 767 2032 nives.
873 1979 927 2035 390

72 2055 198 2112 Ceditur
215 2060 243 2110 et
260 2055 352 2126 rigido
369 2055 478 2111 custodi
495 2057 569 2110 ruris
587 2057 698 2112 asellus.

109 2137 201 2192 Causa
217 2137 348 2208 pudende
366 2137 478 2210 quidem
496 2144 548 2203 cet,
567 2139 633 2194 huic
650 2145 745 2195 tumen
763 2146 829 2212 apte
846 2141 907 2198 deo.

71 2221 161 2277 Festa
178 2219 357 2291 corymbiferi
374 2220 542 2285 celebrabas,
559 2220 674 2286 Graecia,
694 2221 808 2287 Becohi,

109 2301 205 2358 Tertia
222 2321 283 2374 quae
302 2300 383 2358 solito
400 2307 525 2374 tempore
543 2303 642 2358 brume
658 2304 754 2360 refert.

72 2385 114 2440 Di
132 2402 242 2456 quoque
260 2384 379 2439 cultores
397 2384 483 2456 gelidi
500 2402 602 2440 venere
619 2385 721 2457 Lycei,
873 2391 925 2445 395

109 2466 151 2521 Et
168 2466 326 2538 quicunque
341 2467 400 2538 joci
416 2485 473 2522 nou
491 2467 596 2522 alienus
614 2473 689 2522 crat:

72 2548 175 2613 Penes,
193 2554 223 2604 ct
239 2549 270 2602 in
286 2548 428 2605 Venerem
447 2548 612 2620 Satyrorum
629 2566 718 2620 prone
732 2550 882 2622 juventus:

109 2632 235 2703 quue
253 2630 349 2687 colunt
366 2649 460 2688 cmnes
479 2631 592 2703 soleque
611 2649 677 2687 rura
694 2631 760 2687 deae.

70 2714 199 2770 Venerat
217 2719 247 2770 et
264 2714 357 2768 senior
373 2714 466 2785 pendo
486 2713 597 2769 Silenus
615 2713 709 2778 asello,

109 2796 223 2868 Quique
240 2797 326 2852 rubro
343 2796 458 2867 pavidus
475 2796 590 2868 inguine
607 2800 695 2851 terret
713 2814 785 2852 eves.
873 2801 927 2856 400

70 2879 177 2938 Dulcis
194 2879 243 2950 qui
260 2878 377 2951 dignum
393 2897 491 2934 nemus
508 2879 539 2933 in
557 2878 682 2933 convivia
698 2879 774 2934 nacti

109 2961 243 3016 Gramine
260 2962 370 3016 vestitis
387 2961 540 3017 accubuere
557 2960 636 3015 toris.

70 3044 151 3100 Vina
168 3043 252 3098 debut
269 3043 370 3099 Liber:
389 3044 494 3099 tulerat
511 3042 564 3098 sibi
582 3042 699 3114 quisquo
717 3061 855 3100 coronam.

108 3126 270 3182 Miscendes
287 3145 370 3198 perce
387 3127 464 3182 rivus
482 3125 583 3198 egebat
599 3127 693 3197 eques.

70 3210 181 3267 Naides
199 3209 295 3266 effusis
313 3210 372 3266 sliae
390 3209 450 3265 sine
467 3208 586 3281 pectinis
603 3226 666 3273 usu,
872 3213 926 3268 405

107 3292 180 3349 Pars
198 3291 315 3348 aderent
331 3293 429 3366 positis
447 3297 507 3349 crte
524 3309 665 3365 manuque
682 3292 777 3349 comis.

108 3391 193 3433 om).
206 3391 285 3432 ruer.
768 3374 786 3430 2
