2250 3704
194 113 247 166 134
427 106 460 162 r.
480 105 617 162 ovrurr
635 103 813 162 ulsours
968 108 1049 179 [ms.

195 252 332 308 Pontibus
350 256 379 308 et
395 269 497 323 magno
512 250 611 323 juncta
628 255 672 305 est
690 245 871 306 celeberrima
889 249 972 305 Oirco

230 335 313 398 Area,
332 353 394 406 quae
411 334 503 406 posito
522 333 557 388 de
574 333 646 389 bore
664 350 767 388 nomen
784 332 879 388 habet.

196 416 259 473 Hac
278 418 317 472 ihi
334 417 397 472 luce
415 416 511 471 ferunt
529 415 650 470 Matutae
668 433 746 470 sacra
762 416 874 487 parenti

232 499 413 571 sceptriferas
433 498 513 555 Servi
530 497 636 570 templa
654 497 763 552 dedisse
780 516 889 553 manus.
998 503 1051 554 480

195 581 265 650 Quae
284 581 336 637 dea
353 582 406 645 sit;
427 600 512 652 quare
530 580 648 635 famulas
666 598 684 634 a
700 580 795 635 limine
813 580 912 652 templi

230 664 334 721 Arceat
353 664 441 733 (arcet
459 663 543 732 enim)
563 663 675 734 libaque
692 668 769 718 tosta
786 669 882 734 petat;

195 745 313 810 Bacche,
332 746 508 802 racemiferos
526 745 632 801 hedera
648 745 778 800 redimite
796 744 919 816 capillos,

233 829 263 884 Si
282 829 380 884 domus
398 829 447 883 illa
464 833 515 883 tua
533 833 583 892 est,
604 827 694 900 dirige
712 825 784 884 vatis
802 845 881 898 opus.

195 913 313 968 Arserat
330 910 465 982 obsequio
485 909 593 966 Semele
611 910 701 966 Jovis.
738 909 849 981 Accipit
867 909 922 964 Ino
998 913 1051 966 485

231 993 280 1058 Te,
298 1012 377 1065 puer,
397 999 426 1048 et
444 1009 553 1049 summa
570 993 668 1048 sedula
685 993 776 1048 nutrit
793 1010 854 1064 ope.

196 1075 337 1132 Intumuit
354 1075 441 1140 June,
460 1081 544 1147 rapta
561 1075 638 1147 quod
655 1075 755 1147 pellice
773 1080 871 1130 natum

231 1158 350 1214 Educet.
386 1159 427 1214 At
445 1159 559 1229 sanguis
577 1158 625 1214 ille
644 1159 746 1213 sororis
764 1161 834 1212 erat.

196 1239 273 1296 Hine
286 1242 384 1314 ¹agitur
401 1241 480 1296 furiis
499 1240 635 1295 Athamas
654 1246 683 1295 et
700 1240 821 1312 imagine
839 1238 918 1303 falsa,

231 1323 330 1395 Tuque
348 1323 422 1378 cadis
439 1323 538 1396 patria,
557 1341 642 1394 parve
660 1321 793 1387 Learche,
813 1341 908 1376 manu.
997 1325 1054 1378 490

195 1405 299 1461 Masta
316 1405 470 1461 Learcheas
487 1411 578 1460 mater
595 1405 782 1459 tumulaverat
799 1404 923 1468 umbras,

230 1487 271 1542 Et
289 1487 404 1542 dederat
421 1487 529 1542 miseris
548 1488 641 1542 omnia
655 1489 733 1559 justa
750 1487 834 1558 rogia.

196 1568 267 1625 Herc
285 1587 404 1642 quoque,
422 1569 549 1624 fimestos
566 1575 600 1624 ut
618 1575 678 1625 erat
695 1569 800 1624 laniata
819 1569 942 1641 capillos,

231 1650 354 1716 Prosilit,
373 1658 402 1707 et
420 1652 498 1706 cunis
516 1657 554 1715 te,
574 1650 732 1715 Melicerta,
750 1652 833 1724 rapit.

195 1733 249 1788 Est
266 1735 356 1806 spatio
375 1739 516 1790 contracta
533 1733 620 1796 hrevi,
640 1733 713 1788 freta
729 1733 796 1788 bina
812 1734 932 1806 repellit,
998 1739 1053 1793 495

229 1815 350 1888 Unaque
368 1816 495 1887 pulsatur
512 1821 588 1871 terra
606 1815 714 1870 duabus
733 1816 822 1888 aquis.

195 1897 262 1952 Huc
279 1899 357 1953 venit
374 1898 478 1952 insanis
496 1903 595 1952 natum
612 1898 755 1970 complexa
772 1899 892 1962 lacertis,

229 1979 270 2034 Et
287 1997 381 2036 secum
400 1998 415 2034 e
434 1980 507 2034 celso
523 1981 613 2035 mittit
629 1981 659 2034 in
677 1980 734 2036 alta
748 1983 826 2053 jugo.

193 2061 307 2134 Excipit
324 2062 422 2117 illaesos
441 2061 563 2133 Panope,
583 2068 751 2134 centumque
770 2081 887 2127 sorores,

229 2143 269 2199 Et
286 2143 394 2216 placido
411 2144 493 2215 lapsu
509 2163 561 2214 per
579 2162 630 2199 sua
646 2163 735 2217 regna
752 2145 856 2200 ferunt.
997 2149 1056 2204 500

192 2223 328 2282 Nondum
346 2225 512 2291 Leucothea,
531 2227 656 2282 nondum
673 2245 744 2299 puer
760 2228 808 2283 ille
827 2227 971 2283 Palemon

228 2307 389 2363 Vorticibus
408 2307 500 2363 densis
519 2308 640 2364 Tibridis
659 2327 708 2364 ora
725 2315 832 2365 tenent.

191 2389 284 2446 Lucus
304 2396 379 2446 erat:
399 2390 516 2446 dubium
535 2389 650 2446 Semela
669 2391 831 2448 Stimulaene
848 2398 984 2458 vocetur;

228 2471 372 2527 Maenadas
390 2472 527 2528 Ausonias
545 2473 692 2529 incoluisse
710 2474 814 2529 ferunt.

192 2555 300 2622 Quaerit
311 2554 347 2608 ab
358 2554 401 2608 his
414 2554 476 2618 Ino,
490 2574 551 2626 quae
563 2574 631 2627 gens
644 2555 725 2612 foret.
762 2555 886 2612 Arcadas
899 2575 961 2613 esse
996 2561 1056 2614 505

225 2635 322 2700 Audit,
343 2642 372 2690 et
389 2635 554 2692 Evandrum
572 2644 682 2709 sceptra
700 2644 796 2694 tenere
814 2638 878 2693 loci.

190 2717 374 2774 Dissimulate
392 2717 472 2774 deam
489 2719 585 2775 Latias
605 2719 738 2776 Satumia
754 2720 879 2777 Bacchas

225 2799 389 2855 Instimulat
406 2799 480 2857 fictis
498 2802 632 2858 insidiosa
649 2803 740 2858 sonisz

189 2881 215 2937 Ο
234 2883 352 2938 nimium
370 2882 473 2948 faciles,
493 2890 588 2939 ototo
605 2891 720 2956 pectore
738 2891 833 2958 capta),
1103 2903 1106 2942 l

222 2965 289 3019 Non
307 2965 385 3019 venit
402 2965 461 3020 haec
478 2967 580 3022 nostris
598 2967 699 3040 hospes
717 2969 807 3024 amica
825 2969 926 3024 choris.
994 2975 1059 3027 510

185 3045 297 3100 Fraude
314 3047 395 3116 petit,
413 3049 540 3118 sacrique
556 3055 639 3120 parat
656 3069 822 3121 cognoscere
839 3052 934 3107 ritum.

221 3124 285 3190 Quo
303 3128 391 3195 possit
408 3145 503 3198 poenas
521 3131 652 3200 pendere,
671 3133 774 3202 pignus
792 3133 887 3190 habet.

184 3201 241 3256 Vix
259 3203 330 3258 hene
349 3207 485 3272 desierat;
505 3213 646 3282 complent
663 3213 819 3270 ululatibus
838 3235 920 3272 auras

219 3281 366 3353 Thpiades,
387 3286 481 3344 effusis
499 3309 551 3362 per
568 3311 620 3349 sua
638 3294 708 3350 eolla
726 3299 829 3362 comis;
