2252 3706
78 91 139 162 11.]
175 69 178 78 ’
444 85 569 148 ulem.

78 233 240 307 Diffugiunt
255 234 359 299 hostes,
377 234 577 308 inhonestaque
595 236 711 292 vulnera
727 243 808 310 tergo

115 318 279 389 Accipiunt:
300 317 392 372 Tusco
409 319 542 390 sauguine
560 325 636 374 terra
652 321 743 376 rubet.

81 400 128 456 Sic
145 401 254 465 iterum,
274 401 313 456 sic
331 419 403 472 saepc
422 401 534 456 cadunt.
571 401 629 456 Ubi
646 403 757 459 vincere
776 410 871 474 aperte

116 483 183 538 Nou
201 483 292 547 datur,
311 483 426 538 insidias
444 502 576 556 armaque
594 503 665 540 caca
681 492 788 556 parant.

80 565 200 638 Campus
219 572 294 621 erat:
314 566 404 637 campi
422 567 589 622 claudebant
605 567 706 623 ultima
723 568 814 632 colles,
879 571 931 624 215

7 699 11 716 ‚
118 648 257 721 Sylvaque
274 654 419 703 montanas
438 649 563 704 occulere
581 656 646 722 apta
663 650 743 705 feras.

78 731 117 786 In
134 731 226 786 medio
242 748 354 802 paucos,
374 737 554 803 armentaque
572 751 636 788 rara
652 733 816 806 relinquunt
825 758 833 798 ;

117 813 224 869 Caetera
240 813 368 885 virgultis
387 813 482 869 abdita
499 813 582 869 turba
598 815 676 871 latet.

77 895 161 960 Ecce,
180 896 257 951 velut
275 902 383 951 torrens
400 896 484 951 undis
500 896 668 968 pluvialibus
686 904 792 962 auctus,

115 978 176 1033 Aut
192 979 265 1042 nive,
284 997 345 1050 qua
364 978 496 1051 Zephyro
513 980 588 1035 victa
604 986 718 1052 tepente
735 980 806 1045 fluit,
878 983 932 1038 220

78 1060 137 1118 Per
153 1066 213 1116 seta
229 1079 334 1133 perque
352 1063 411 1116 vias
430 1061 527 1126 fertur,
546 1081 606 1126 uec,
626 1069 659 1118 ut
677 1068 742 1119 ante
760 1062 877 1128 solebat,

115 1143 251 1216 Riparum
270 1143 375 1198 clausas
392 1145 518 1215 margine
536 1143 600 1200 finit
618 1164 718 1217 aquas:

81 1225 128 1281 Sic
146 1225 228 1282 Fabii
243 1225 309 1280 latis
326 1226 426 1281 vallem
445 1227 616 1283 discursibus
633 1228 767 1298 implent3

116 1307 250 1380 Quosque
267 1308 372 1372 vident,
391 1316 542 1380 spernunt:
565 1329 617 1364 nec
634 1315 726 1365 metus
745 1311 817 1366 ulter
833 1311 914 1366 inest.

80 1391 147 1459 Quo
156 1391 246 1456 ruitis,
259 1409 392 1463 generosa
404 1390 522 1446 domus?
540 1392 613 1446 male
625 1392 749 1448 creditur
760 1393 843 1448 hosti.
879 1395 932 1450 225

117 1472 239 1546 Simplex
256 1473 394 1538 nobilitas,
413 1474 521 1545 perfida
535 1475 593 1530 tela
610 1492 684 1530 cave.

77 1556 192 1612 Fraude
209 1556 282 1628 perit
298 1557 395 1612 virtus.
432 1555 467 1611 In
487 1563 597 1629 apertos
614 1557 739 1629 undique
757 1575 868 1631 campos

115 1637 268 1694 Prosiliunt
284 1638 387 1704 hostes,
407 1644 436 1694 et
452 1638 526 1694 latus
545 1657 626 1695 omne
643 1645 749 1695 tenent.

77 1721 159 1790 Quid
176 1720 278 1776 facient
294 1722 378 1792 pauci
395 1727 492 1776 contra
509 1727 552 1777 tot
569 1722 656 1776 millia
673 1721 779 1778 fortes?

116 1803 236 1871 Quidve,
247 1802 467 1875 quodinmisero
475 1810 600 1876 tempore
611 1810 708 1870 restet,
718 1805 843 1862 habenti
878 1807 933 1861 230

78 1885 161 1943 Sicut
179 1904 253 1958 aper,
271 1885 356 1959 sylvis
374 1885 456 1958 longe
475 1886 661 1942 Laurentibus
680 1894 766 1952 actus,

114 1968 263 2024 Fulmineo
281 1967 383 2024 celeres
401 1969 518 2042 dissipat
536 1988 585 2025 ore
603 1989 701 2036 canes;

76 2051 152 2106 Mox
168 2057 262 2108 tamen
280 2051 340 2123 ipse
357 2052 448 2122 perit:
468 2052 509 2106 sic
525 2070 582 2106 nou
600 2053 758 2108 moriuntur
775 2053 875 2120 inulti;

115 2132 295 2205 Vulneraque
312 2133 420 2188 alterna
437 2134 560 2206 dentque
579 2134 728 2207 feruntque
745 2154 840 2191 mauu.

75 2215 146 2272 Una
164 2215 222 2271 dies
239 2216 342 2271 Fabios
360 2216 397 2270 ad
413 2215 518 2272 bellum
536 2218 652 2273 miserat
669 2236 782 2274 omnesz
877 2219 930 2274 235

113 2298 162 2353 Ad
179 2297 283 2353 bellum
300 2298 398 2353 missos
415 2299 541 2369 perdidit
558 2319 615 2354 una
633 2300 701 2355 dies.

74 2380 121 2437 Ut
138 2385 233 2435 tamen
250 2379 397 2436 Herculea
415 2388 592 2452 superessent
609 2383 715 2437 semina
732 2383 831 2455 gentis,

115 2462 255 2518 Credibile
273 2467 317 2518 est
334 2463 409 2534 ipsos
427 2463 598 2519 consuluisse
617 2465 692 2520 deos.

73 2545 107 2601 N
108 2564 156 2601 am
172 2564 243 2617 puer
259 2545 394 2616 impubes,
414 2551 443 2600 et
461 2545 551 2602 adhuc
569 2565 627 2602 nou
643 2547 720 2602 utilis
738 2546 833 2613 armis,

113 2627 196 2683 Unus
215 2627 249 2682 de
266 2626 356 2682 Fabia
373 2634 456 2700 gente
473 2628 588 2684 relictus
607 2636 675 2685 eret.
877 2632 931 2687 240

75 2709 194 2766 Scilicet
211 2716 244 2766 ut
261 2725 355 2782 posses
374 2709 440 2764 olim
458 2715 499 2775 tu,
518 2710 654 2776 Maxime,
672 2711 756 2777 nasci,

113 2792 169 2848 Cui
185 2810 230 2850 res
248 2792 405 2848 cunctando
421 2793 597 2848 restituenda
614 2793 695 2852 foret.

8 2961 20 3010 l
72 2960 249 3018 Continuata
265 2961 326 3018 loco
343 2962 399 3017 tria
416 2962 516 3026 sidera,
536 2962 643 3019 Corvus
661 2968 691 3020 et
707 2964 826 3037 Anguis,

109 3043 155 3099 Et
171 3043 279 3100 medius
298 3044 397 3100 Crater
414 3046 488 3100 inter
505 3051 655 3117 utrumque
671 3047 755 3118 jacet.

71 3125 179 3183 Idibus
197 3126 246 3182 illa
262 3126 368 3182 latent:
388 3128 517 3183 oriuntur
534 3133 616 3183 nocte
634 3129 770 3200 sequenti.
881 3132 933 3188 245

113 3207 186 3276 Qua
204 3208 258 3264 sibi
275 3227 326 3265 cur
343 3211 399 3266 tria
416 3210 474 3266 sint
493 3211 649 3267 consociata
667 3229 771 3266 canam.

111 3308 198 3347 orrn.
212 3307 289 3347 risu.
811 3295 827 3348 ³
