2250 3704
93 71 143 144 u]
259 63 263 72 ·
455 73 582 131 nisus.
678 39 721 125 ’.
895 77 951 130 103.

92 218 188 275 Verba
205 219 268 292 quis
287 219 403 276 auderet
420 239 512 276 coram
531 239 595 276 sene
614 220 699 293 digua
715 221 817 276 rubore
839 237 843 244 ·

127 302 250 359 Dicere?
268 323 413 359 censuram
429 304 514 375 longa
531 310 642 359 senecta
660 304 753 359 dabat.
912 303 948 360 70

92 384 229 442 Romulus
247 386 300 442 hoc
318 386 395 450 vidit,
415 386 571 458 selectaque
588 393 703 458 pectora
719 394 813 458 patres

126 469 217 524 Dixit.
253 469 300 524 Ad
316 469 368 524 hos
385 469 463 524 urbis
481 488 590 525 summa
606 470 696 525 reluta
713 488 800 526 novae.

92 551 170 608 Hinc
189 571 239 608 sua
255 554 374 625 majores
391 552 516 624 posuisse
534 552 669 607 vocabula
687 553 766 608 Maio

127 635 248 707 Taugor,
267 641 296 690 et
313 636 390 693 etati
407 635 578 691 consuluisse
596 654 660 692 suae.

91 717 132 773 Et
148 717 285 774 Numitor
302 719 404 781 dixisse
421 724 523 790 potest,
542 717 744 783 Da„1conulc,
763 735 887 774 mensem
912 719 946 776 75

127 800 216 856 Hunc
233 801 361 866 senibus;
380 819 432 858 nec
450 819 533 856 avum
550 801 715 856 sustinuisse
732 819 827 874 nepes.

91 884 121 940 N
121 903 153 940 ec
171 884 233 939 leve
250 885 391 956 praepositi
406 885 508 956 pignus
526 902 668 942 successor
685 884 797 940 honoris

125 967 239 1031 Junius,
259 968 425 1039 ejurenurn
442 967 554 1023 nomine
572 967 672 1032 dictis,
691 967 785 1023 habet.

91 1050 163 1106 Tum
181 1051 230 1114 sic,
247 1050 388 1122 neglectos
406 1050 510 1110 hedera
526 1050 656 1106 redimita
674 1051 795 1122 capillos,

125 1134 223 1189 Prima
240 1133 284 1188 sui
301 1133 383 1206 coepit
401 1133 542 1205 Calliopea
560 1133 653 1188 chori:
911 1136 947 1189 80

90 1216 219 1273 Duxerat
237 1216 367 1272 Oceanus
382 1216 522 1288 quondam
540 1215 670 1272 Titanida
688 1214 809 1287 Tethyn,

126 1300 186 1369 Qui
202 1305 307 1357 terram
324 1299 446 1371 liqtidis
466 1317 521 1371 qua
538 1305 624 1371 patet,
645 1298 733 1354 ambit
750 1298 838 1370 aquis

90 1383 168 1440 Hinc
187 1388 249 1438 sata
266 1381 379 1442 Pleione
397 1401 461 1440 cum
479 1381 599 1440 ccelifero
618 1381 734 1438 Atlante

125 1466 271 1538 Jungitun
290 1471 323 1520 ut
340 1465 415 1522 fama
432 1471 484 1529 est,
503 1464 686 1536 Pleiadasque
703 1464 786 1536 parit.

91 1550 221 1619 Quarum
239 1548 318 1603 Maia
335 1567 399 1604 suas
416 1548 507 1607 forma
524 1566 670 1620 superasse
689 1566 795 1604 sorores
911 1550 945 1604 85

126 1632 268 1696 Mun,
287 1637 316 1687 et
333 1649 441 1690 summo
460 1631 640 1689 concubuisse
657 1629 678 1686 J
679 1631 733 1686 ovi.

90 1716 162 1772 Haec
181 1715 263 1770 enixa
277 1715 347 1786 jugo
365 1713 552 1786 cupressiferae
571 1713 710 1786 Cyllenes.

126 1797 290 1854 AEtherium
307 1797 413 1853 volucri
431 1797 480 1870 qui
497 1797 569 1869 pede
587 1797 677 1868 carpit
693 1796 756 1850 iter.

89 1881 215 1938 Arcades
233 1880 317 1945 hunc,
335 1879 488 1952 Ladonque
506 1899 600 1952 rapax,
619 1885 648 1934 et
666 1879 802 1936 Maenalos
819 1879 918 1952 ingens

125 1965 194 2020 Rite
214 1963 317 2027 colunt,
336 1962 417 2018 Luna
435 1963 540 2021 credita
556 1969 633 2018 terra
649 1963 734 2033 prior.
911 1966 949 2018 90

89 2047 181 2104 Exsul
199 2046 234 2102 ab
252 2046 379 2102 Arcadiis
397 2044 493 2104 Latios
511 2045 645 2102 Evander
661 2045 692 2099 in
710 2063 792 2116 agros

126 2131 261 2192 Venerat,
280 2129 422 2200 impositos
440 2129 628 2200 attuleratque
647 2128 721 2184 deos.

89 2213 157 2278 Hic,
170 2213 222 2268 ubi
238 2231 313 2267 nunc
331 2211 422 2268 Roma
439 2217 482 2268 est
499 2211 574 2266 orbis
593 2216 684 2283 caput,
698 2210 780 2266 arbor
799 2215 827 2266 et
844 2209 947 2275 herba,

125 2297 167 2352 Et
185 2314 280 2368 paucae
297 2295 426 2366 pecudes,
445 2301 477 2350 et
493 2313 556 2350 casa
573 2312 636 2348 rara
653 2293 717 2348 fuit.

90 2380 157 2449 Quo
175 2385 324 2450 postquam
334 2383 467 2442 rentum
487 2377 645 2440 Consistite,
658 2375 772 2448 pruscia
789 2381 887 2442 mater,
913 2379 948 2431 95

126 2462 205 2519 Nam
222 2461 299 2521 locus
317 2460 428 2533 imperii
444 2479 493 2516 rus
511 2460 565 2514 erit
582 2459 667 2524 istud,
687 2459 734 2514 ait.

88 2545 131 2601 Et
149 2545 235 2601 matri
252 2550 282 2599 et
299 2544 357 2598 vati
374 2549 454 2615 paret
471 2541 629 2600 Nonacrius
645 2541 736 2606 heros,
805 2606 807 2610 Ι

128 2629 223 2700 Inque
240 2626 388 2699 peregrina
406 2625 531 2682 constitit
547 2625 648 2696 hospes
665 2624 759 2680 humo.

91 2713 235 2782 Sacraque
252 2709 343 2767 multa
360 2708 482 2780 quidem,
502 2708 552 2764 sed
569 2707 661 2764 Fauni
677 2707 769 2778 prima
785 2708 906 2764 bicornis

129 2794 193 2849 Has
212 2792 307 2848 docuit
325 2798 431 2863 gentes,
451 2791 622 2864 alipedisque
642 2790 696 2846 dei·
735 2809 738 2818 ·
898 2794 952 2848 100

93 2877 263 2948 Semicaper,
282 2874 380 2930 coleris
398 2874 536 2938 cinctutis,
556 2874 661 2937 Fauna,
681 2871 823 2944 Lupercis,

130 2960 204 3016 Ounr
221 2957 342 3016 lustrant
360 2957 482 3016 celebres
500 2957 605 3014 vellera
622 2961 698 3012 secta
714 2957 783 3012 vias.

90 3047 134 3100 At
151 3049 186 3098 tu
203 3046 331 3103 materno
349 3041 460 3096 donasti
477 3042 587 3096 nomine
605 3058 739 3104 mensem,

128 3125 268 3182 Inventor
285 3141 384 3188 curva,
402 3123 512 3180 furibus
530 3129 604 3194 apta,
623 3122 697 3178 fidis.

90 3210 122 3267 N
124 3229 157 3266 ec
175 3207 266 3279 pietas
283 3206 343 3262 haec
360 3206 451 3278 prima
468 3211 593 3262 tuaest:
615 3211 729 3277 septena
746 3206 863 3276 putaris,
902 3208 953 3272 105

129 3289 280 3351 Pleiadum
298 3308 453 3353 numerum,
473 3287 521 3344 fila
539 3288 648 3343 dedisse
665 3286 741 3358 lyrae.
