2252 3706
83 89 139 158 ru]
443 88 571 151 ussus.

83 234 162 290 Adde
178 233 331 306 peregrinis
350 252 453 298 causus,
472 253 535 289 mes
551 233 646 300 Musa,
665 234 794 292 Latinus:

116 317 204 389 Inque
223 336 274 372 suo
290 322 386 372 noster
401 316 515 388 pulvere
533 311 627 372 curret
644 336 741 390 equus.

84 400 229 472 cornipedi
245 399 345 455 Fauno
362 417 432 454 erese
450 399 484 454 de
502 418 578 454 more
597 401 702 472 capelle

116 483 202 539 Venit
220 483 256 539 sd
272 482 386 554 exiguus
403 481 488 536 turbe
504 488 602 537 vocate
619 482 711 555 dapes.
879 486 933 539 360

82 566 211 638 Dumque
223 565 379 621 secerdotes
396 564 517 619 verubus
535 571 678 620 transsutc
695 567 808 638 salignis

115 648 189 704 Exta
205 654 314 720 parant,
331 646 436 703 medias
454 646 511 702 sole
529 653 642 703 tenente
660 649 734 714 viss3

80 731 224 795 Romulus,
243 736 273 785 et
289 730 383 793 freter,
402 729 604 801 pastoralisque
619 732 762 802 juventus,

117 813 226 870 Solibus
244 818 274 868 et
291 830 387 884 campo
405 829 521 884 corpore
537 813 614 868 nude
631 814 749 868 debent:

82 896 224 960 Caestibus,
243 901 272 952 et
287 895 394 968 jaculis,
413 901 442 950 et
459 895 538 949 missi
554 896 677 967 pondere
695 897 755 951 suxi
879 895 931 952 365

115 979 233 1034 Brachia
249 997 300 1051 per
317 978 394 1033 lusus
413 977 579 1049 experienda
596 979 709 1034 debant.

79 1062 179 1118 Pastor
196 1062 231 1116 sb
249 1061 365 1124 excelso,
384 1059 440 1115 Per
458 1061 539 1116 devie
555 1079 622 1116 rurs
636 1063 778 1133 juvencos,

114 1143 241 1208 Romule,
253 1143 405 1216 praedones,
424 1143 507 1215 eripe,
527 1143 605 1209 dixit,
625 1149 721 1216 egunt.

80 1227 208 1298 Longum
226 1232 286 1281 eret
304 1226 414 1280 ermari.
449 1225 577 1281 Diversis
594 1226 651 1280 exit
668 1232 787 1299 uterque

114 1310 254 1365 Partibus.
288 1308 416 1364 Accursu
432 1307 526 1380 praeds
543 1314 656 1380 recepte
673 1308 764 1364 Remi.
877 1308 931 1364 370

77 1393 120 1448 Ut
137 1391 228 1455 rediit,
246 1391 366 1446 verubus
385 1391 530 1446 stridentis
548 1391 671 1446 detrahit
688 1397 770 1456 exte;

113 1475 208 1546 Atque
226 1474 273 1538 sit,
293 1473 363 1529 Haec
381 1479 455 1529 certe
473 1491 530 1528 non
547 1473 603 1528 nisi
618 1473 708 1529 victor
726 1473 800 1529 edet.

79 1558 166 1613 Dicte
182 1556 257 1621 facit,
276 1556 412 1627 Fabiique
430 1555 521 1610 simul.
557 1556 646 1611 Venit
663 1557 758 1611 irritus
776 1556 841 1610 illuc

112 1640 258 1703 Romulus,
277 1645 306 1694 et
322 1657 431 1694 memes
448 1657 565 1710 ossaque
582 1639 658 1693 nude
675 1639 760 1694 videt.

75 1723 168 1787 Risit;
188 1728 217 1778 et
234 1721 353 1777 indoluit
370 1720 471 1776 Rsbios
488 1721 612 1792 putruisse
629 1720 806 1792 Remumque
877 1720 928 1776 375
1021 1713 1022 1721 ¹

113 1805 243 1870 Vincere,
262 1803 428 1872 Quinctilios
446 1821 503 1858 non
519 1803 642 1876 potuisse
660 1822 733 1859 suos.

6 1903 7 1916 ¹
75 1889 167 1944 Fame
183 1893 277 1942 munet
294 1887 378 1942 fecti:
397 1887 487 1958 posito
504 1887 640 1942 volumine
659 1891 783 1951 currunt,

112 1971 155 2027 Et
170 1988 320 2026 memorem
338 1969 448 2032 famem,
461 1969 537 2040 quod
553 1970 626 2025 bene
643 1970 733 2034 cessit,
745 1969 839 2024 hebet.

74 2054 208 2109 Forsitan
226 2058 254 2108 et
271 2069 386 2124 queres,
405 2069 455 2106 cur
472 2052 508 2106 sit
525 2050 601 2106 locus
618 2051 666 2106 ille
683 2051 828 2124 Lupercal,

113 2136 219 2204 Quoeve
236 2135 310 2190 diem
326 2134 377 2189 teli
393 2135 504 2190 nomine
522 2152 605 2190 ceusu
621 2139 709 2190 notet.
877 2136 930 2189 380

73 2219 132 2274 nia
149 2217 270 2274 Vestalis
288 2217 409 2273 eoelestia
426 2217 533 2272 semine
547 2221 630 2288 pnrtu

112 2301 261 2364 Edideret,
277 2306 378 2372 patruo
394 2318 482 2371 regns
498 2304 612 2354 tenente
631 2316 692 2354 suo.

74 2385 109 2440 Is
125 2384 210 2455 jubet
227 2382 330 2438 suferri
346 2400 454 2454 perros,
474 2387 502 2436 et
520 2382 550 2435 in
568 2399 648 2436 smne
665 2381 767 2436 necari.

113 2466 194 2534 Quid
211 2465 298 2521 fecis?
317 2484 352 2520 ex
369 2465 430 2520 istis
447 2463 583 2519 Romulus
602 2463 674 2518 ulter
691 2464 752 2518 erit.

74 2550 166 2606 Jusss
183 2554 340 2604 recusantes
357 2553 496 2620 peragunt
512 2546 667 2618 lacrymose
683 2545 819 2609 ministri,
879 2547 931 2601 385

112 2631 201 2688 Fient
217 2637 319 2694 tumen,
338 2635 368 2685 et
385 2630 508 2701 geminos
527 2629 557 2683 in
573 2628 635 2683 loce
649 2629 728 2699 jussu
745 2627 847 2682 ferunt.

72 2713 191 2777 Albula,
210 2732 294 2785 quem
311 2712 409 2768 Tibrin
425 2729 532 2767 mersus
550 2711 696 2766 Tiberinus
714 2711 745 2765 in
761 2709 838 2765 unde

112 2796 259 2860 Reddidit,
278 2795 401 2851 hibernis
419 2795 491 2850 forte
509 2794 636 2849 tumebat
655 2793 743 2864 cquis.

74 2881 149 2944 Hic,
168 2879 220 2934 ubi
235 2898 309 2933 nunc
327 2878 388 2933 feru
407 2884 481 2942 sunt,
500 2877 598 2932 lintres
617 2893 709 2930 errare
726 2875 844 2940 videres,

6 2943 22 3018 >
116 2963 238 3034 Quaque
252 2963 347 3033 jacent
364 2961 458 3024 velles,
477 2959 602 3015 Maxime
621 2958 709 3022 Circe,
728 2963 792 3012 tuoe.
882 2961 936 3014 390

74 3046 149 3102 Huc
166 3044 217 3099 ubi
233 3050 378 3107 venerunt,
399 3045 500 3114 (neque
518 3043 593 3098 enim
609 3041 759 3113 procedere
776 3044 894 3111 possunt

113 3127 263 3199 Longius)
282 3145 317 3181 ex
334 3125 388 3181 illis
405 3143 489 3189 unus,
508 3143 543 3179 eu
561 3124 641 3187 alter,
660 3123 715 3177 ait:

72 3211 119 3268 At
132 3229 219 3282 quum
228 3215 295 3264 sunt
302 3209 417 3264 similes!
431 3214 461 3264 st
473 3222 557 3279 quem
568 3205 705 3261 formosus
716 3205 847 3276 uterque!

114 3293 189 3350 Plus
207 3297 302 3348 temen
320 3311 355 3347 ex
372 3291 427 3348 illis
444 3292 498 3346 iste
516 3289 619 3361 vigoris
636 3287 730 3342 hebet.
