2250 3704
66 105 133 176 66]
429 103 556 161 66666.
886 111 921 164 93

66 249 161 304 Morte
179 251 265 306 boum
283 250 344 314 tibi,
363 269 422 314 rex,
440 251 524 306 tellus
542 249 680 323 placanda
698 252 831 308 duarum:
869 256 921 309 665

98 333 158 388 Det
176 333 261 390 sacris
280 334 385 388 animas
402 353 459 388 una
476 340 575 390 necata
594 334 671 390 duas.

63 417 216 472 666661661-
233 422 339 472 terrore
358 416 436 487 quies
445 440 453 481 ;
472 417 569 472 Numa
585 417 645 474 risa
662 418 789 484 revolvit,

98 499 140 554 Et
158 519 252 555 seeum
270 499 399 570 ambages
418 518 542 571 cacaque
557 500 637 571 jussa
654 500 749 555 refert.

64 583 190 655 Expedit
207 589 346 638 errantem
363 583 471 638 nemori
489 583 647 677 gratissima
665 585 774 656 conjux,

98 666 141 721 Et
158 667 238 730 dixit,
257 666 386 721 Gravidae
404 667 526 738 posceris
545 671 609 721 exta
626 666 714 721 bovis.
868 669 921 726 670

12 717 140 805 'Exta
156 749 236 804 bovis
253 749 356 804 dantur
374 749 510 820 gravida·
531 749 636 804 felicior
654 768 744 804 annus

99 832 243 896 Provenit‚
262 838 292 888 et
308 832 432 886 fructum
449 837 524 886 terra
542 850 681 903 pecusque
700 832 803 888 ferunt.

64 916 149 972 Hanc
166 916 306 987 quondam
325 915 466 988 Cytherea
483 915 557 969 diem
575 916 769 986 properantius
787 917 830 973 ire

99 999 203 1062 Jussit,
223 1004 253 1052 66
270 998 397 1052 aetherios
416 997 599 1069 praecipitavit
618 1016 720 1069 equos;

63 1083 104 1138 Ut
123 1081 239 1137 titulum
255 1081 365 1152 imperii
383 1081 588 1152 quamprimum
604 1079 666 1135 luce
685 1083 814 1153 sequenti
867 1084 918 1141 675

98 1166 231 1237 Augusto
245 1165 343 1236 juveni
359 1181 492 1236 prospera
509 1163 584 1218 bella
602 1162 708 1219 darent.

64 1326 121 1382 Sed
136 1327 197 1400 jam
213 1325 368 1398 praeteritas
387 1328 503 1395 quartus
522 1323 575 1378 tibi
593 1323 708 1379 Lucifer
725 1324 795 1380 Idus

98 1408 237 1482 Respicit.
274 1407 338 1462 Hac
357 1407 475 1479 Hyades
494 1406 601 1462 Dorida
619 1413 700 1463 nocte
718 1415 827 1480 petunt.

63 1572 161 1628 Tertia
178 1576 243 1644 post
260 1569 378 1642 Hyadas
397 1587 460 1626 cum
477 1569 527 1624 lux
544 1569 599 1625 erit
616 1575 679 1624 orta
695 1577 825 1636 remotas,

98 1655 219 1709 Caruere
236 1654 353 1725 partitos
372 1653 468 1708 Circus
486 1653 602 1708 habebit
620 1671 715 1724 equos.
865 1657 919 1710 680

62 1738 123 1793 Cur
140 1737 228 1808 igitur
245 1737 335 1792 missae
352 1736 453 1791 vinctis
473 1735 598 1790 ardentia
615 1735 694 1790 taedis

98 1820 192 1892 Terga
208 1819 301 1875 ferant
317 1819 423 1890 vulpes,
443 1838 525 1874 causa
543 1817 667 1874 docenda
685 1819 762 1874 mihi.

12 1925 13 1933 ¹
59 1903 181 1976 Frigida
199 1901 331 1966 Carseoli,
350 1920 401 1956 neo
420 1901 499 1956 olivis
518 1907 584 1972 apta
601 1901 723 1957 ferendis

98 1985 195 2049 Terra,
215 1985 265 2039 sed
283 1984 318 2039 ad
336 1989 445 2055 segetes
463 1983 624 2055 ingeniosus
642 2003 717 2056 ager.

58 2068 128 2124 Hac
147 2085 200 2138 ego
217 2066 356 2139 Pelignos,
375 2066 479 2121 natalia
496 2085 570 2130 rura,
589 2067 728 2138 petebam,
866 2073 917 2127 685

97 2151 199 2214 Parva,
218 2148 268 2206 sed
286 2148 402 2204 assiduis
420 2148 536 2204 humida
554 2167 663 2222 semper
681 2151 768 2222 aquis.

57 2234 195 2306 Hospitis
213 2233 321 2305 antiqui
339 2231 433 2287 solitas
451 2231 616 2287 intravimus
635 2233 721 2288 ades:

95 2317 250 2372 Demserat
268 2315 389 2371 emeritis
404 2316 464 2387 jam
479 2316 550 2386 juga
567 2314 690 2370 Phoebus
709 2317 796 2389 equis.

55 2400 90 2456 Is
111 2400 182 2455 mihi
199 2398 290 2454 multa
306 2397 427 2470 quidem,
447 2398 498 2452 sed
515 2403 544 2452 et
561 2396 628 2461 hac,
647 2417 759 2455 narrare
778 2399 893 2465 solebat,

95 2482 184 2538 Unde
202 2500 297 2536 meum
314 2498 433 2553 praesens
451 2479 637 2536 instrueretur
654 2498 739 2554 opus:
866 2485 919 2540 690

56 2565 140 2629 Hoc,
159 2566 207 2628 616,
227 2565 256 2619 in
276 2581 372 2635 campo
391 2566 584 2636 (campumque
603 2565 735 2634 ostendit)
754 2564 875 2621 habebat

92 2648 161 2704 Rus
178 2647 264 2702 breve
283 2665 347 2701 oum
365 2645 435 2701 duro
452 2664 536 2718 parca
554 2646 651 2702 colona
667 2648 736 2702 viro

50 2732 115 2788 Ille
136 2749 216 2786 suam
233 2728 386 2801 peragebat
403 2728 519 2784 humum
528 2753 536 2794 ;
556 2729 614 2784 sive
631 2747 698 2784 usus
716 2731 811 2796 aratri,

93 2813 165 2870 Sive
185 2831 257 2867 oavae
276 2812 363 2876 falcis,
383 2812 440 2867 sive
458 2811 580 2867 bidentis
598 2818 666 2867 erat.

48 2898 135 2955 Haec
152 2895 236 2951 modo
253 2895 384 2950 verrebat
401 2900 522 2950 stantem
539 2894 653 2950 tibicine
671 2895 781 2952 villam:
866 2901 918 2954 695

12 2973 19 3030 1
90 2978 130 3036 N
131 2997 186 3034 unc
203 2978 301 3032 matris
319 2977 421 3049 plumis
441 2997 494 3033 ova
511 2977 631 3033 fovenda
648 2977 741 3033 dabat.

47 3067 124 3122 Aut
143 3061 247 3116 virides
265 3061 379 3124 malvas,
399 3067 448 3116 aut
466 3061 566 3132 fimgos
585 3060 691 3133 colligit
708 3061 793 3126 albos,

86 3147 160 3202 Aut
176 3143 313 3198 humilem
331 3149 411 3214 grato
430 3143 540 3199 calfacit
556 3144 622 3214 igne
640 3144 741 3199 focum.

43 3233 91 3290 Et
114 3235 216 3284 tamen
235 3226 353 3282 assiduis
372 3232 483 3282 exercet
499 3226 612 3282 brachia
629 3227 709 3291 telis3

84 3310 314 3381 Adversumque
332 3309 422 3364 minas
440 3308 551 3380 frigoris
569 3327 645 3362 arma
661 3313 750 3380 parat.
868 3309 922 3364 700
