2250 3704
209 142 261 196 108
438 137 472 194 P.
491 137 630 194 OVIDII
648 136 825 194 NASONIS
983 140 1047 213 [Lu.

208 281 341 342 Protinus
358 283 510 340 herentem
529 284 654 356 decerpsi
671 284 771 356 pollice
789 283 894 339 florem.
1010 285 1051 340 255

244 367 388 438 Tangitur,
407 373 437 422 et
455 373 531 422 tecto
550 367 671 439 concipit
688 367 737 421 1115
755 367 827 422 sinu

207 447 329 522 Jamque
347 451 439 521 gravis
458 449 593 515 Thracen,
612 450 728 506 551555
745 448 932 522 Propontidos
950 449 1044 504 inmt:

243 531 347 604 Fitque
364 538 464 604 potens
482 534 559 598 voti;
578 533 714 605 Morsque
733 539 842 588 erectus
861 539 931 587 eret.

208 613 266 682 Qui
283 633 390 670 memor
407 617 513 687 accepti
529 635 581 688 per
597 635 643 672 me
660 616 770 679 natalis,
791 614 906 671 Habeto

243 697 288 753 Tu
305 717 416 770 quoque
434 698 578 763 Romulos,
597 699 676 764 dixit,
695 699 725 753 in
742 699 812 754 urbe
830 697 931 753 locum.
1009 699 1053 752 260

207 779 339 837 Forsitan
357 782 387 838 in
405 782 508 837 teneris
526 787 638 838 tuntum
655 800 718 837 mee
734 800 822 854 regnu
839 781 948 836 coronis

243 863 314 920 Esse
331 870 423 936 putes.
460 864 592 935 Tungunt
611 883 716 920 numen
734 870 763 919 et
781 882 848 918 5555
865 883 968 919 meum.

209 947 240 1004 oi
258 947 330 1002 bene
348 946 493 1003 floruerint
511 953 628 1019 segetes,
648 947 702 1002 erit
719 965 784 1001 5555
801 946 888 1001 dives.

246 1030 364 1086 sibene
382 1029 614 1094 11555551551555,
634 1029 760 1085 Bocchus
779 1029 840 1084 erit.

209 1112 241 1168 si
257 1113 329 1168 bene
346 1112 492 1168 floruerint
508 1113 583 1178 5155,
596 1113 779 1168 nitidissimus
797 1131 902 1166 annus:
1009 1111 1053 1167 265

244 1195 386 1269 Pomcque
404 1201 571 1267 proventum
588 1196 721 1268 temporis
738 1195 823 1266 hujus
842 1194 956 1249 hebent.

208 1278 292 1334 Flore
311 1279 397 1335 semel
412 1279 479 1334 laeso
495 1285 616 1351 pereunt
633 1279 766 1350 vicinique
784 1277 921 1348 fabaeque,

241 1361 284 1417 'Et
301 1367 420 1434 pereunt
436 1362 534 1427 lentes,
554 1363 662 1418 5515555
678 1361 708 1416 N
709 1361 754 1425 115,
773 1366 837 1414 tuae.

207 1441 283 1499 Vino
301 1463 411 1517 quoque
429 1447 459 1500 in
476 1447 586 1517 magnis
605 1462 720 1516 operose
738 1442 851 1498 condite
869 1441 945 1498 cellis

244 1526 375 1592 Florent;
395 1533 425 1583 et
441 1528 550 1584 nebulio
568 1528 642 1584 dolia
660 1545 768 1582 summa
784 1531 894 1597 tegunt.
1009 1524 1058 1581 270

207 1608 297 1665 Melle
314 1629 407 1666 meum
424 1629 534 1666 munus.
571 1611 707 1666 Volucres
725 1627 779 1681 ego
796 1608 880 1664 melln
897 1607 1010 1664 (1555555

243 1693 290 1748 Ad
307 1694 417 1758 violam,
438 1701 467 1750 et
484 1695 596 1767 cytisos,
616 1698 645 1749 55
663 1693 763 1763 thymo
780 1710 849 1746 5555
865 1709 945 1746 5555.

207 1775 237 1831 Ν
240 1793 269 1831 5
282 1794 392 1848 quoque
404 1777 479 1833 idem
491 1778 616 1840 facimus,
636 1782 705 1832 tunc
720 1794 784 1831 oum
798 1774 970 1845 juvenilibus
982 1773 1057 1830 cunis

243 1858 399 1914 Luxuriant
417 1861 510 1924 enim1,
530 1878 699 1932 corporaque
716 1859 778 1930 ipse
794 1857 900 1929 vigent.

208 1941 286 1997 Τ5115
303 1942 441 1998 dicentem
459 1943 561 1998 tacitus
579 1942 709 1998 mirabar.
745 1939 859 2004 5151115,
1008 1937 1058 1995 275

242 2024 263 2080 J
264 2044 297 2080 us
315 2025 368 2080 tibi
385 2025 519 2090 discendi,
538 2026 563 2081 si
580 2044 637 2096 qus
653 2024 781 2096 requiris,
801 2023 849 2079 515.

207 2107 270 2172 Dic,
290 2108 350 2173 deo,
370 2108 508 2174 ludorum,
527 2109 667 2181 respondi,
686 2125 748 2179 quae
766 2107 804 2162 sit
822 2107 909 2178 origo.

242 2191 300 2246 Vix
318 2192 388 2248 bene
408 2191 558 2256 desieram
577 2191 688 2247 rettulit
706 2191 755 2245 1115
772 2190 848 2246 mihi.

208 2273 316 2329 Oaetera
332 2274 447 2330 luxuriae
465 2276 590 2331 nondum
609 2275 795 2330 instrumento
812 2274 963 2345 vigebsnt;

243 2357 303 2412 Aut
320 2376 412 2429 pecus,
432 2357 583 2413 5555155555
602 2357 678 2413 dives
696 2357 819 2412 habebat
835 2357 963 2412 humum.
1010 2357 1064 2412 280

208 2439 285 2496 Η155
304 2441 388 2496 etiem
405 2440 538 2512 locuples,
557 2441 623 2496 hinc
640 2440 700 2512 ipsa
717 2439 835 2510 pecunie
852 2439 929 2494 dicte
947 2444 998 2496 est.

245 2522 301 2579 Sed
316 2523 376 2594 jem
393 2522 429 2578 de
446 2524 535 2579 555155
554 2523 672 2596 quisque
689 2523 807 2593 perabat
824 2539 900 2592 opes.

207 2606 333 2662 Venerat
350 2606 380 2662 in
398 2625 503 2662 morem
520 2607 616 2678 populi
633 2605 781 2676 depascere
800 2605 903 2659 saltusz

243 2688 335 2761 quue
353 2688 506 2753 (1151155515,
525 2707 661 2760 poenaque
679 2687 837 2743 5551151515.

207 2771 326 2828 Vindice
345 2771 473 2827 servabat
490 2771 568 2826 nullo
587 2789 637 2826 sue
654 2769 768 2842 publico
784 2769 902 2841 vulgus:
1011 2771 1068 2824 285

242 2853 364 2925 Jamque
376 2855 406 2908 in
423 2854 533 2925 privato
550 2871 664 2925 pascere
682 2852 780 2908 inertis
799 2858 867 2909 5555.

207 2935 302 2994 Plebis
321 2935 357 2992 cd
375 2936 467 2992 ediles
486 2935 579 2992 delata
596 2935 710 2992 licentio
727 2935 792 2990 telis

243 3019 399 3075 Publicios:
420 3019 528 3074 animus
547 3019 638 3074 defuit
656 3024 721 3074 5555
738 3018 815 3073 viris.

207 3101 280 3154 Rem
296 3101 415 3170 populus
433 3101 548 3170 recipit:
567 3101 701 3156 mulctum
719 3101 830 3157 subiere
847 3107 988 3156 nocentes.

243 3179 407 3234 Vindioibus
425 3181 502 3234 leudi
519 3181 630 3251 publicu
647 3200 714 3236 curn
731 3182 794 3238 fuit.
1012 3173 1077 3240 290

208 3257 319 3312 Mulcta
337 3258 403 3312 dete
420 3267 463 3314 est
481 3279 515 3314 ox
532 3269 612 3331 porte
630 3263 714 3318 mihi:
734 3282 892 3338 magnoque
911 3266 1008 3323 155555
1106 3273 1107 3328 3

244 3335 373 3391 Victores
390 3338 471 3394 ludos
489 3341 635 3400 instituere
652 3362 749 3402 novos.
1106 3355 1107 3358 ’
