2250 3704
143 100 178 153 se
374 94 567 153 P.0V1D11
585 93 763 150 NASONIS
920 93 1004 164 [Lm.

144 241 196 296 AEs
215 248 275 298 erat
292 242 323 298 in
339 243 449 315 pretio:
470 240 615 314 chalybeia
632 259 724 295 massa
740 239 854 295 latebat.
947 240 1003 294 405

180 323 248 382 Heu
266 345 349 399 quam
368 330 503 396 perpetuo
522 322 619 378 debuit
637 323 686 378 illa
703 323 776 394 tegi!

144 408 216 464 Pace
235 408 319 464 Ceres
336 408 400 463 lata
419 411 470 462 est.
507 406 614 462 Atros
632 412 736 477 optate,
756 405 856 470 coloni,

180 490 349 563 Perpetuam
366 509 471 563 paoem,
490 495 713 561 perpetuumque
731 488 849 544 Ducem.

143 573 232 628 Ferre
250 573 316 638 deae,
335 573 468 644 micaque
485 573 552 628 licet
570 571 693 627 salientis
712 571 847 628 honorem

180 655 270 721 Datis,
290 661 319 711 et
336 656 367 711 in
382 661 491 711 veteres
510 655 611 711 thurea
629 673 715 726 grana
733 654 817 710 focos.
945 656 1004 709 410
1082 682 1104 703 ψ

144 738 192 804 Et,
212 740 236 794 si
252 739 336 794 thura
354 739 481 802 abenmt,
500 743 599 793 unctas
618 737 760 792 accendite
779 737 874 792 taedas.

180 822 271 879 Parva
288 822 366 878 bonae
385 821 488 885 Cereri,
509 822 567 876 sint
585 820 668 876 modo
686 825 769 884 casta,
788 819 909 892 placent.

145 907 172 960 A
189 905 260 960 bove
279 905 412 960 succincti
430 904 534 960 cultms
552 909 694 958 removete
712 902 841 957 ministri.

181 988 237 1044 Bos
255 992 330 1043 aret:
350 987 480 1058 ignavam
498 986 650 1042 sacrificate
669 1004 756 1040 suem.

145 1073 222 1144 Apta
236 1071 305 1143 jugo
324 1070 417 1126 cervix
434 1087 491 1124 non
509 1075 553 1124 est
570 1068 696 1124 ferienda
713 1068 812 1123 securi.
946 1071 1003 1124 415

182 1153 275 1218 Vivat,
294 1153 370 1208 etin
388 1152 458 1207 dura
476 1171 547 1224 saepe
565 1151 674 1207 laboret
691 1152 785 1206 humo.

146 1237 244 1309 Exigit
261 1237 321 1309 ipse
338 1236 423 1300 locus,
442 1241 540 1307 raptus
558 1239 591 1290 ut
608 1234 724 1306 virginis
743 1234 832 1290 edam.

182 1320 268 1376 Plura
284 1336 480 1392 recognoscam
500 1336 590 1389 pauca
607 1317 748 1373 docendus
767 1318 829 1372 eris.

147 1403 233 1459 Terra
250 1402 341 1458 tribus
359 1401 479 1473 scopulis
496 1407 607 1456 vastum
625 1400 765 1471 procurrit
782 1399 812 1455 in
830 1417 925 1472 equor

182 1485 328 1549 Trinacris,
347 1502 363 1539 a
379 1485 474 1556 positu
491 1501 594 1538 nomen
611 1484 713 1555 adepta
730 1483 793 1538 loci.
945 1483 1005 1540 420

147 1568 235 1624 Grata
253 1567 350 1622 domus
368 1565 472 1622 Cereri.
509 1565 618 1621 Multas
637 1566 677 1621 ibi
693 1566 818 1637 possidet
835 1566 936 1629 urbes;

182 1651 219 1706 In
237 1651 338 1722 quibus
356 1655 400 1708 est
418 1649 492 1705 culto
509 1648 610 1704 fertilis
630 1647 735 1704 Henna
753 1649 819 1704 solo.

147 1734 264 1806 Frigida
281 1733 423 1789 coelestum
440 1737 543 1788 matres
562 1730 703 1786 Arethusa
721 1737 841 1787 vocarat.

181 1817 308 1873 Venerat
325 1815 361 1871 ad
379 1833 469 1870 sacras
489 1821 518 1870 et
536 1815 588 1870 dea
606 1813 678 1868 flava
696 1813 790 1886 dapes.

147 1899 227 1964 Filia,
247 1898 384 1955 consuetis
402 1903 435 1954 ut
453 1902 513 1953 erat
532 1897 664 1953 comitata
680 1897 789 1969 puellis,
945 1898 1002 1953 425

181 1983 304 2039 Errabat
322 1982 397 2036 nudo
415 1999 466 2052 per
484 1999 535 2035 sua
551 1986 633 2052 prata
649 1980 730 2052 pede.

146 2065 229 2122 Valle
247 2065 299 2120 sub
317 2065 449 2120 umbrosa
465 2063 542 2118 locus
561 2069 612 2127 est,
632 2062 797 2134 adspergine
815 2063 904 2118 multa

182 2149 325 2204 Humidus
343 2165 377 2203 ex
395 2147 452 2201 alto
470 2145 622 2201 desilientis
641 2163 727 2218 aquae.

147 2231 202 2288 Tot
219 2231 331 2286 fuerant
348 2229 413 2293 illic,
433 2235 502 2301 quot
519 2228 605 2284 habet
622 2234 732 2292 natura,
752 2227 872 2283 colores:

1121 1915 1124 2000 l

182 2313 317 2386 Pictaque
336 2312 462 2368 dissimili
480 2311 548 2367 flore
566 2311 674 2368 nitebat
692 2310 801 2366 humus.
948 2313 1009 2368 430
1123 2349 1124 2370 i

147 2397 240 2467 Quam
258 2395 340 2452 simul
358 2395 500 2468 adspexit;
521 2394 652 2458 Comites,
673 2394 804 2457 accedite,
824 2393 903 2457 dixit,

181 2479 222 2535 Et
239 2497 348 2535 mecum
365 2485 471 2534 vestros
490 2477 558 2533 flore
575 2478 682 2548 replete
700 2477 785 2531 sinus.

146 2561 244 2618 Praeda
260 2562 396 2635 puellares
414 2561 520 2616 animos
538 2560 660 2615 oblectat
678 2559 768 2614 inanis
776 2583 784 2623 ;

181 2644 221 2700 Et
238 2663 295 2700 non
313 2645 433 2700 sentitur
452 2643 600 2700 sedulitate
617 2641 705 2697 labor.

146 2727 216 2784 Haec
234 2728 332 2800 implet
347 2728 425 2784 lento
443 2726 566 2783 calathos
585 2745 601 2781 e
618 2725 722 2780 vimine
740 2729 847 2780 textos:
948 2727 1007 2780 435

182 2810 252 2866 Haec
270 2811 415 2882 gremium,
434 2810 510 2865 laxos
529 2809 664 2880 degravat
681 2807 730 2862 illa
747 2807 833 2860 sinus.

147 2893 202 2948 Illa
218 2893 288 2964 legit
306 2893 427 2949 calthas:
447 2892 512 2947 huic
531 2897 597 2947 sunt
614 2889 730 2946 violaria
748 2907 837 2953 ουτως

182 2975 237 3031 Illa
253 2993 421 3048 papavereas
439 2975 568 3031 subsecat
585 2991 679 3045 ungue
699 2990 797 3028 comas.

146 3057 218 3119 Has,
236 3057 394 3127 hyacinthe,
414 3063 510 3112 tenes:
535 3057 605 3121 illas,
625 3061 779 3118 amarante:
794 3053 927 3108 moraris:

182 3135 250 3187 Pars
262 3137 368 3206 thyma,
381 3155 445 3206 pars
461 3139 570 3201 casiam,
581 3156 646 3210 pars
658 3138 803 3193 meliloton
815 3141 926 3190 amant:
947 3139 1008 3195 440

146 3213 272 3267 Plurima
288 3215 362 3268 lacta
378 3235 442 3271 rosa
459 3225 502 3272 est
511 3243 519 3281 ς
539 3225 569 3273 et
587 3225 653 3274 sunt
671 3219 731 3274 sine
749 3219 862 3273 nomine
879 3217 974 3275 fiores.

181 3290 249 3362 Ipsa
266 3310 359 3348 crocos
377 3301 484 3360 tenues,
503 3299 617 3371 liliaque
635 3301 700 3356 alba
717 3302 795 3372 legit.
