2252 3706
56 89 111 170 Il]
416 99 541 159 FASTI.

54 241 95 297 Et
111 243 209 301 dixisse
227 245 318 310 simul,
338 245 461 326 Prohibe
479 246 575 319 lugere
594 247 735 315 Quiritem

90 326 119 381 N
120 346 149 382 55
167 329 273 383 violent
290 329 420 401 lacrymis
438 330 555 384 numina
570 336 666 386 nostra
683 332 749 386 suis.

54 408 147 466 Thura
164 410 264 475 ferant,
276 411 445 484 placentque
462 429 565 466 novum
583 414 630 484 pia
647 415 732 470 15155
743 411 902 481 Quirinum,

87 491 127 547 Et
143 495 247 566 patrius
265 500 339 550 artes
357 494 541 566 militiamque
559 496 660 551 colant.
850 497 903 552 506

53 574 152 640 Jussit,
172 577 248 631 etin
265 582 364 632 tenues
383 577 469 633 oeulis
488 578 600 633 evanuit
619 597 708 634 auras.

89 658 228 715 Convocat
244 659 290 714 hic
307 659 433 731 populos,
449 661 582 732 jussaque
600 661 686 716 verba
703 660 798 716 refert.

52 740 169 812 Templa
186 741 238 796 deo
256 740 344 797 fiunt:
365 742 441 797 collis
460 760 569 814 quoque
588 743 678 798 dictus
696 743 731 799 ab
749 743 813 808 illo;

88 823 128 878 Et
145 823 271 879 referunt
289 824 359 880 55111
376 842 454 880 55515
470 831 587 897 paterna
605 826 671 882 dies.
850 825 904 880 510

51 905 114 960 Lux
131 925 242 979 quoqne
260 926 310 962 cur
327 908 425 962 eadem
444 906 601 963 Stultorum
618 909 690 964 festa
707 914 830 972 vocetur,

88 989 206 1060 Accipe:
225 1008 312 1060 parva
330 989 444 1061 quidem
463 1008 554 1054 causa,
573 990 623 1045 sed
640 996 705 1063 epta
723 991 829 1046 subest.

51 1070 120 1126 Non
137 1071 236 1128 habuit
253 1071 337 1127 tellus
356 1073 451 1128 doctos
470 1073 586 1145 antiqua
604 1073 730 1129 colonos:

88 1153 242 1209 Lassabant
260 1154 343 1226 agiles
362 1173 461 1227 aspera
477 1155 552 1210 bella
569 1155 651 1211 viros.

51 1236 121 1291 Plus
140 1237 247 1292 eratin
264 1237 366 1308 gladio
384 1256 469 1309 quam
488 1255 571 1292 curvo
588 1237 678 1293 laudis
697 1242 806 1302 aratro;
849 1237 902 1294 515
992 1271 993 1278 1

87 1318 118 1374 N
119 1319 241 1391 eglectus
259 1319 372 1374 domino
390 1339 478 1391 pauca
496 1319 605 1375 ferebat
622 1339 696 1392 ager.

49 1401 141 1457 Farra
158 1407 253 1456 tamen
269 1408 376 1457 veteres
392 1402 542 1474 jaciebant,
562 1402 637 1458 farra
654 1403 812 1458 metebant:

87 1483 229 1539 Primitiae
248 1484 344 1540 Cereri
361 1484 436 1539 farra
453 1489 561 1540 resecta
577 1485 690 1540 dabant.

50 1565 158 1622 Usibus
176 1567 311 1622 admoniti
327 1566 447 1622 flammis
465 1567 598 1623 torrenda
616 1568 726 1632 (15(1515,

87 1648 237 1721 Multaque
254 1655 367 1721 peccato
385 1649 487 1704 damna
503 1649 593 1707 tulero
611 1668 672 1706 suo.
851 1650 905 1704 520

47 1732 128 1787 Nam
145 1732 229 1787 modo
246 1733 395 1788 verrebant
412 1732 507 1803 nigras
524 1750 576 1804 pro
594 1731 667 1789 farra
685 1731 791 1788 favillas
800 1755 808 1799 3

85 1814 172 1870 Nunc
190 1815 263 1886 ipsas
281 1814 340 1886 igni
358 1815 516 1886 corripuere
535 1833 619 1870 55555.

46 1898 141 1953 Facta
157 1897 211 1952 (155
227 1902 270 1953 est
288 1896 417 1952 Fornax:
435 1897 495 1952 11511Ι
510 1897 636 1954 Fornace
654 1897 748 1954 coloni

86 1979 187 2044 Orant,
206 1986 239 2034 ut
256 1979 351 2051 fruges
368 1985 506 2052 temperet
523 1979 572 2034 illa
589 1998 661 2035 suas.

49 2062 138 2119 Curio
155 2061 286 2134 legitimis
304 2081 380 2118 nuno
398 2061 563 2118 Fornacalia
580 2063 677 2118 verbis-
851 2063 903 2117 525

86 2145 230 2200 Maximus
247 2145 361 2200 indicit:
381 2163 435 2200 nec·
451 2151 524 2200 51515
542 2164 623 2200 sacra
636 2145 724 2200 fecit:

47 2228 144 2301 Inque
162 2227 245 2292 Foro,
263 2227 352 2283 multa
370 2228 475 2283 circum
492 2227 632 2299 pendente
650 2227 764 2290 tabella,

87 2310 223 2383 Signatur
240 2317 316 2366 certa
333 2308 411 2365 curia
428 2329 544 2382 quaque
561 2316 637 2365 note.

48 2393 202 2466 stultaque
218 2412 283 2466 pars
301 2393 406 2465 populi,
426 2411 487 2464 quae
506 2393 542 2447 sit
560 2392 713 2457 succuris,
731 2391 836 2456 155511;

86 2475 145 2532 Sed
162 2475 229 2532 facit
247 2481 371 2532 extrema
389 2474 572 2530 55515151515
589 2474 642 2530 die.
851 2475 905 2530 530

44 2641 103 2698 Est
120 2641 212 2696 honor
229 2648 258 2697 et
274 2640 401 2696 tumulis.
435 2639 553 2696 Animas
569 2641 677 2712 placate
694 2645 832 2711 paternas,

82 2724 232 2797 Parvaque
249 2725 279 2778 in
296 2724 446 2779 exstinctas
463 2742 580 2778 munera
597 2723 668 2777 ferte
685 2741 784 2794 pyras.

45 2807 143 2865 Parva
160 2812 261 2878 petunt
278 2806 396 2861 Manes:
414 2805 504 2878 pietas
520 2824 572 2877 pro
590 2805 676 2860 divite
694 2810 774 2876 grata
792 2808 835 2858 551

83 2890 225 2945 Munere:
244 2907 301 2944 non
319 2888 416 2944 avidos
434 2887 506 2960 Styx
522 2887 608 2944 habet
625 2887 682 2942 ima
699 2887 776 2942 deos.

16 2945 160 3044 ³'l'egula
175 2972 310 3044 porrectis
329 2971 396 3026 55115
415 2975 458 3026 551
475 2969 568 3026 velata
586 2969 706 3033 coronis,
853 2970 904 3023 535

82 3055 126 3111 Et
145 3073 246 3128 sparsa
264 3054 368 3125 fruges,
386 3071 525 3124 parcaque
543 3051 615 3108 mica
632 3051 706 3115 selis,

42 3139 142 3210 Inque
161 3154 238 3192 mero
256 3135 475 3199 1551111505155,
493 3134 628 3206 violisque
647 3132 751 3190 solutoe.

81 3219 156 3278 Haec
173 3219 276 3276 habeat
293 3218 386 3276 modia
402 3223 478 3276 15515
494 3217 592 3274 1511515
609 3216 662 3272 via.
