2250 3704
198 83 251 138 122
427 82 462 139 P.
482 81 622 138 OVIDII
639 81 818 140 NASONIS
971 84 1051 156 [Lm.

197 223 226 279 A
240 228 322 296 patre
339 224 415 280 diota
430 244 494 281 meo
511 225 652 298 quondam
671 224 803 282 Saturnia
819 226 912 284 Roma
929 234 988 284 est:

233 306 303 362 Haeo
320 308 363 362 illi
379 327 397 363 a
414 309 482 364 ooelo
500 309 627 381 proxima
643 313 720 365 terra
738 309 801 364 fuit.

198 386 229 444 si
245 393 323 444 torus
341 390 371 444 in
389 390 480 462 pretio
497 397 548 455 est,
567 391 646 446 dicor
662 397 790 447 matrona
808 391 961 458 Tonantis3

230 470 391 544 «lunataque
410 472 528 546 Tarpeio
546 478 613 529 sunt
629 493 693 532 mea
709 475 816 548 templs
832 473 908 530 Jovi.

196 552 244 608 An
260 555 353 625 potuit
371 555 451 611 Maio
467 555 559 627 pellex
576 555 644 610 dare
662 557 776 612 nomina
791 556 901 612 mensil
1018 560 1049 614 35

233 634 290 692 Hie
307 637 397 694 honor
413 638 444 692 in
461 638 541 693 nobis
557 638 710 695 invidiosus
729 639 803 694 eritl
1097 659 1117 713 ,ι

198 716 257 773 Our
274 718 361 791 igitur
377 720 475 792 regina
491 738 583 784 voeoa,
602 721 786 793 prinoepsquo
805 721 941 776 desruml

233 801 329 858 Aurea
346 821 396 857 aur
414 801 518 858 dextrae
536 809 648 876 seeptro
665 803 768 859 dedere
785 803 874 859 meoel

197 883 246 940 An
262 883 366 940 faniano
382 903 507 941 mensem
523 884 609 950 luoes,
628 885 789 958 Lucinaque
808 886 843 941 ab
863 884 920 942 illis

233 964 328 1030 Dicar,
347 972 376 1022 ιι
394 986 411 1022 a
428 968 506 1024 nullo
523 969 637 1024 nomina
652 987 749 1024 mense
767 967 897 1028 traham?
1020 971 1054 1023 40

198 1046 272 1104 Tum
289 1067 334 1104 me
351 1050 485 1122 poeniteat
501 1051 628 1123 posuisse
645 1050 767 1106 fideliter
783 1051 839 1106 iras

234 1129 272 1184 In
289 1149 377 1202 genus
395 1131 523 1198 Electra,
542 1133 770 1208 Dardaniamque
788 1133 911 1188 domum.

199 1211 290 1268 Causa
307 1214 411 1286 duplex
428 1215 484 1272 ira.
520 1215 615 1288 Rapio
633 1214 798 1288 Ganymede
817 1214 963 1281 dolebam

234 1294 338 1352 Forma
354 1315 466 1369 quoque
483 1297 560 1354 Idaeo
574 1298 669 1372 judica
686 1297 762 1353 vieta
777 1316 841 1354 mes
858 1301 911 1354 est.

198 1376 346 1443 Paeniteat,
365 1378 441 1452 quod
457 1399 516 1436 non
532 1380 614 1439 foveo
633 1380 811 1452 Carthaginis
830 1397 925 1455 araon
1021 1383 1057 1436 45

235 1459 307 1515 Cum
323 1480 386 1516 men
403 1461 461 1518 sint
478 1463 526 1518 illo
544 1481 642 1520 currus
661 1468 691 1518 et
709 1481 786 1520 arma
802 1461 873 1517 looo.

199 1540 339 1600 Poeniteat
357 1543 486 1615 Sparten,
505 1546 663 1639 Argosquq
681 1533 813 1616 meaeque
832 1543 982 1616 Mycenas,

234 1623 275 1680 Ει
290 1631 414 1681 veterem
432 1625 514 1684 Latio
533 1627 711 1702 supposuisse
731 1626 844 1684 Samon

197 1705 280 1762 Adde
298 1726 394 1764 senem
411 1709 532 1775 Tatium,
551 1709 792 1782 «Iunonicolasque
812 1707 947 1774 Faliscos,
1116 1729 1117 1817 p

235 1788 313 1857 Quos
332 1809 384 1862 ego
401 1790 537 1850 &manis
555 1793 733 1850 suooubuisse
750 1791 813 1848 tuli
1023 1796 1061 1848 50
1113 1829 1116 1852 .

199 1870 256 1928 Sed
273 1890 365 1944 neque
383 1875 534 1946 poeniteat;
553 1895 606 1934 neo
624 1894 692 1948 gens
710 1875 780 1932 mihi
797 1874 887 1930 carim
903 1872 963 1928 ulla
980 1881 1036 1930 est.
1111 1871 1116 1878 “

234 1952 292 2010 Hie
310 1955 392 2020 eolat,
411 1957 456 2013 hio
473 1963 585 2014 teneam
603 1977 667 2016 oum
685 1957 758 2014 Jove
776 1956 881 2030 templa
898 1973 971 2014 mee.

199 2034 266 2108 Ipse
284 2037 354 2094 mihi
372 2038 499 2104 Mavors,
519 2040 691 2096 Commendo
708 2040 818 2103 moenia,
837 2038 916 2102 dixit,

235 2118 305 2175 Haeo
321 2120 389 2177 tibi:
409 2127 443 2178 tu
459 2123 566 2194 pollens
584 2123 655 2178 urbe
673 2123 783 2194 nepotis
802 2121 865 2176 eris.

199 2199 284 2257 Diels
295 2201 364 2258 fides
383 2205 519 2276 sequitur.
557 2205 678 2262 Centum
690 2204 863 2260 eelebramur
874 2203 904 2258 in
916 2203 990 2260 aris:
1026 2209 1064 2262 55
1115 2199 1116 2275 l

234 2283 264 2339 N
266 2303 296 2340 eo
314 2285 401 2342 levior
419 2288 517 2359 quovis
536 2294 579 2344 ιιι
596 2288 667 2344 mihi
683 2287 786 2343 mensis
804 2286 902 2342 honor.

198 2365 229 2422 N
230 2385 261 2422 ee
278 2371 374 2426 tamen
390 2368 466 2426 huno
484 2371 566 2428 nobis
584 2369 778 2428 tantummodo
795 2373 909 2444 prostat
920 2366 1066 2426 honorem

234 2448 340 2505 Roma:
360 2451 514 2508 suburbani
531 2453 600 2509 dunt
617 2452 687 2508 mihi
704 2469 806 2508 munus
824 2451 908 2506 idem.

199 2530 320 2604 Inspiee,
339 2551 408 2605 quos
426 2533 529 2590 habeat
547 2535 695 2592 nemoralis
715 2534 811 2590 Aricia
827 2532 924 2596 fastos,

234 2612 275 2668 Ει
291 2615 411 2687 populus
429 2615 566 2682 Laurens,
586 2617 800 2690 Lanuviumque
818 2633 928 2672 meum:
1029 2622 1070 2674 60
1114 2675 1115 2690 p

199 2694 254 2750 nst
271 2695 328 2751 illia
345 2698 449 2753 mensis
467 2697 617 2756 Junonius.
655 2698 767 2772 Inspice
786 2697 883 2762 Tibur.

234 2776 275 2833 Et
292 2778 470 2836 Praenestinae
487 2783 589 2838 moenia
606 2801 684 2842 saera
702 2782 776 2840 deae:

198 2859 340 2918 Junonale
357 2861 434 2933 leges
451 2868 571 2936 tempus.
608 2865 638 2920 N
640 2883 671 2921 eo
688 2863 826 2920 Romulus
844 2861 906 2918 illas

236 2943 384 3008 Condidit;
405 2951 434 3000 ιι
451 2947 541 3001 nostri
558 2945 650 3004 Roma
667 2947 777 3018 nepotis
795 2950 865 3000 erat.

200 3026 327 3081 Finierat
345 3025 431 3082 June.
468 3027 662 3125 Respeximus.
699 3027 833 3086 Herculis
850 3045 922 3084 uxor
1032 3035 1073 3090 65

237 3106 352 3171 ΒιιΙιιι;
373 3109 428 3164 ιι
419 3127 449 3164 1n
467 3112 588 3166 vultu
566 3131 647 3184 signa
664 3112 784 3168 dolentis
803 3117 892 3170 erana

200 3184 268 3239 Nou
286 3203 346 3256 ego,
365 3188 389 3242 si
407 3195 468 3244 toto
485 3198 575 3248 muter
592 3213 638 3250 me
656 3194 755 3250 eadere
773 3193 842 3252 ooelo

235 3262 367 3330 Jusserit,
386 3268 475 3325 invita
491 3279 582 3330 matra
598 3275 738 3341 morabor.
757 3277 807 3332 ait.
