2250 3704
201 79 254 132 100
358 76 392 131 P.
413 73 551 130 OVIDII
570 71 748 129 NASONIS
768 72 893 132 FASTI.

198 219 228 274 N
230 240 260 276 ec
278 227 387 276 teneras
406 227 522 292 segetes,
542 218 591 273 sed
610 217 712 272 durum
730 219 897 290 amplectere
916 220 1030 288 ferrum,

235 304 373 376 Quodque
390 309 484 375 potest
502 302 570 356 alios
587 301 713 372 perdere,
732 302 818 373 perde
836 304 921 375 prior.

197 385 301 441 Utilius
319 385 425 459 gladios
444 392 473 440 et
491 385 547 439 tela
564 383 693 438 nocentia
710 403 815 456 carpes.
1003 389 1048 444 925

232 468 284 523 Nil
301 488 371 540 opus
390 475 432 524 est
450 468 520 522 illis:
540 467 598 522 otia
615 466 736 522 mundus
755 468 823 539 agit.

198 549 312 606 Sarcula
329 571 413 616 nunc,
433 551 575 621 durusque
593 550 701 614 bidens,
720 556 750 605 et
766 568 862 606 vomer
880 552 1015 618 aduncus,

231 633 317 689 Ruris
335 653 402 706 opes
420 634 544 688 niteant:
565 633 693 704 inquinet
711 651 790 687 arma
807 634 887 690 situs.

197 716 376 788 Gonatusque
395 716 494 788 aliquis
512 715 613 787 vagina
631 716 731 771 ducere
748 715 863 780 ferrum

231 800 408 855 Adstrictum
426 798 510 870 longe
528 799 631 853 sentiat
650 817 709 853 esse
726 817 813 853 mora.
1002 805 1050 858 930

195 884 236 937 At
253 888 287 936 tu
304 902 339 937 ne
357 882 430 937 viola
449 881 594 936 Cererem:
616 900 780 953 semperque
798 881 912 938 colonus

231 965 352 1020 Absenti
368 965 458 1036 possit
475 963 582 1019 solvere
600 970 666 1019 vota
683 963 744 1018 tibi.

195 1045 321 1102 Dixerat.
358 1047 386 1101 A
404 1046 503 1102 dextra
519 1047 593 1102 villis
611 1046 732 1102 mantele
750 1046 857 1110 solutis,

231 1129 357 1202 Cumque
375 1129 446 1184 meri
462 1135 560 1201 patera
577 1129 669 1184 thuris
688 1147 783 1184 acerra
800 1129 864 1184 fuit.

195 1213 290 1269 Thura
308 1212 376 1268 focis
393 1212 545 1284 vinumque
564 1212 649 1274 dedit,
669 1212 810 1283 fibrasque
827 1212 960 1280 bidentis,
1002 1219 1050 1273 935

231 1296 390 1368 Turpiaque
408 1295 539 1350 obscena
559 1295 701 1364 (vidimus)
721 1299 786 1350 exta
804 1297 889 1351 canis.

192 1377 268 1434 'sum
285 1378 362 1442 mihi,
382 1377 440 1433 Cur
459 1377 542 1432 detur
560 1379 644 1432 sacris
662 1394 735 1432 nova
751 1379 872 1444 victima,
892 1383 1014 1453 queris?

231 1461 417 1529 Quaesieram:
438 1477 548 1514 causam
565 1462 687 1532 percipe,
706 1460 824 1516 Flamen
842 1462 898 1516 ait:

195 1541 249 1598 Est
267 1543 358 1606 Oanis,
378 1542 501 1597 Icarium
519 1542 625 1606 dicunt,
644 1561 700 1614 quo
718 1543 808 1598 sidere
825 1542 903 1602 moto

231 1625 317 1681 Tosta
335 1625 395 1680 sitit
412 1625 505 1688 tellus,
523 1625 739 1698 precipiturqne
757 1645 845 1698 seges.
1002 1635 1055 1688 940

194 1709 252 1764 Pro
271 1727 337 1764 cane
356 1708 464 1763 sidereo
483 1709 557 1763 canis
575 1707 621 1764 bic
638 1708 792 1779 imponitur
810 1727 878 1766 ara:

230 1791 279 1856 Et,
298 1809 384 1862 quare
402 1796 508 1861 pereat,
527 1789 569 1844 nil
586 1790 639 1844 nisi
657 1808 759 1846 nomen
777 1791 870 1848 habet.

196 1959 269 2016 Cum
286 1957 408 2031 Phrygis
425 1957 555 2014 Assaraci
573 1959 684 2015 Titania
701 1959 788 2016 fratre
805 1961 903 2018 relicto

233 2041 353 2098 Sustulit
371 2041 505 2096 immenso
523 2047 568 2096 ter
583 2042 668 2114 jubar
686 2043 752 2098 orbe
771 2061 869 2108 suum;

197 2117 279 2180 Mille
296 2123 373 2180 venit
390 2124 474 2178 variis
492 2123 592 2178 florum
611 2124 663 2178 dea
681 2143 753 2180 nexa
771 2127 894 2182 coronis:

233 2207 321 2262 Sccna
336 2207 392 2278 joci
409 2225 515 2262 morem
532 2207 670 2262 liberioris
688 2207 782 2263 habet.

190 2289 264 2346 'Exit
282 2296 311 2344 et
329 2290 359 2343 in
376 2288 469 2344 Maias
488 2307 597 2344 sacrum
614 2289 726 2345 Florale
739 2290 890 2347 Kalendas.

232 2372 310 2428 Time
327 2377 468 2443 repetam:
488 2391 562 2428 nunc
579 2392 624 2428 me
644 2373 776 2445 grandius
794 2380 877 2446 urget
894 2393 974 2448 opus.

196 2453 299 2511 Aufert
315 2454 404 2510 Vesta
422 2453 510 2509 diem:
531 2461 649 2527 cognato
668 2454 757 2510 Vesta
773 2464 885 2530 recepte
903 2467 948 2514 est

232 2537 356 2594 Limine:
379 2537 419 2592 sic
434 2537 505 2608 justi
522 2538 690 2593 constituere
709 2557 796 2594 senes.

196 2620 318 2678 Phoebus
336 2620 422 2675 hebet
438 2625 565 2690 partem,
585 2618 680 2676 Vesta
698 2639 763 2692 pars
781 2622 869 2678 altera
886 2626 987 2685 cessit:

232 2702 317 2771 Quod
334 2708 461 2774 superest
478 2701 541 2766 illis,
561 2703 661 2758 tertius
679 2704 740 2775 ipse
757 2710 843 2760 tenet.

197 2785 276 2844 State
295 2785 429 2840 Palatina:
446 2785 550 2849 laurus,
568 2791 759 2858 praetextaque
778 2806 882 2859 quercu

232 2867 295 2923 Stet
312 2867 418 2922 domus.
455 2866 588 2922 AEternos
607 2873 664 2923 tres
682 2868 769 2925 habet
786 2889 843 2927 una
858 2870 948 2942 Deos,
1014 2865 1023 2878 ⁸
