2250 3704
198 105 252 160 ιω
428 103 619 160 1³.0V1D11
635 103 813 160 NASONIS
971 103 1045 176 [ue.

198 246 238 302 Et
256 248 339 303 modo
356 248 473 304 dimittit
490 248 596 321 digitis,
615 248 699 304 modo
717 249 838 321 concipit
855 267 953 304 eures:
997 248 1045 306 705

233 329 354 402 Jamque
372 331 446 385 inter
462 331 492 385 N
493 331 612 403 ymphes
630 337 690 386 erte
708 332 845 403 superbus
864 337 933 387 eret.

198 411 336 468 Provocat
353 419 384 468 et
401 412 547 469 Phoebum.
584 413 692 469 Phoebo
710 420 859 485 superante
876 413 1024 486 pependitz

235 495 312 550 Gaess
329 501 504 551 recesserunt
522 515 539 551 e
556 502 620 552 cute
638 496 765 552 membre
781 516 841 552 sue.

200 577 269 633 Sum
286 583 382 634 tumen
398 578 536 633 inventrix
554 584 705 651 auctorque
724 597 775 650 ego
794 579 924 636 carminis
941 579 1032 652 hujus.

235 660 300 716 Hoc
318 666 362 717 est
379 680 429 718 our
446 666 556 716 nostros
573 680 618 718 urs
637 661 709 717 colet
727 662 782 717 iste
799 661 869 718 dies.
1000 662 1051 720 710
1091 698 1111 714 ,

201 827 296 884 Tertia
312 829 361 883 lux
378 829 479 893 veniet,
499 849 555 902 que
571 834 613 894 tu,
631 829 745 884 Dodoni
762 829 888 902 Thyone,

238 909 330 966 Stabis
347 911 489 982 Agenorei
506 912 598 967 fronte
615 912 736 968 videnda
752 912 840 968 bovis.

201 993 271 1049 Hsec
289 999 332 1048 est
348 994 397 1048 ills
415 994 482 1058 dies,
501 1013 558 1066 qus
574 1000 608 1050 tu
624 995 791 1066 purgamine
807 994 913 1061 Vestae,

235 1075 322 1141 Tibri,
340 1095 391 1147 per
408 1075 542 1132 Etruscae
560 1077 591 1132 in
607 1096 687 1132 mere
705 1077 795 1133 mittis
813 1095 911 1149 equae.

202 1239 233 1296 si
245 1259 300 1312 que
311 1241 380 1297 fides
392 1243 491 1308 ventis,
505 1242 637 1315 Zephyro
650 1243 715 1299 dete
727 1243 848 1307 carbasa,
861 1247 972 1309 neuim
1003 1243 1055 1301 715

237 1323 305 1378 Cres
322 1325 416 1380 reniet
433 1326 534 1380 vestris
553 1326 600 1380 ille
619 1325 757 1381 secundus
776 1325 863 1398 equis.

200 1486 242 1540 At
258 1491 339 1557 peter
357 1485 510 1541 Heliadum
527 1486 620 1542 redios
638 1485 688 1541 ubi
704 1485 820 1541 tinxerit
837 1484 931 1550 undis,

236 1568 276 1624 Et
293 1569 386 1640 cinget
403 1569 528 1640 geminos
547 1569 629 1624 stelle
647 1587 745 1624 serene
762 1568 841 1640 polos
850 1591 857 1632 ;

200 1650 292 1706 Tollet
309 1650 395 1706 humo
412 1651 518 1706 validos
535 1650 627 1723 proles
646 1649 756 1723 Hyriea
772 1651 910 1706 lacertos:

237 1733 376 1789 Continuo
393 1733 517 1806 Delphin
535 1739 616 1788 nocte
634 1733 771 1788 videndus
791 1732 852 1787 erit.
1005 1732 1063 1790 720
1118 1747 1119 1813 j

202 1815 313 1871 Scilicet
330 1816 375 1871 hic
393 1816 459 1872 olim
477 1816 594 1872 Volscos
613 1816 778 1889 AEquosque
795 1815 907 1887 firgstos

147 1901 151 1904 ’
236 1898 355 1954 Viderat
372 1899 401 1953 in
419 1900 531 1972 campis,
551 1900 655 1972 Algide
672 1906 756 1963 terre,
775 1899 840 1954 tuis.

200 1981 284 2038 Unde
302 1982 461 2038 suburbano
480 1984 579 2048 clerus,
599 1983 729 2047 Tuberte,
748 1980 901 2053 triumpho,

234 2064 340 2122 Veotus
359 2084 389 2122 es
407 2066 436 2121 in
453 2067 551 2131 niveis,
570 2067 713 2132 Postume,
731 2066 822 2121 victor
839 2063 927 2135 equis.

199 2236 222 2291 J
222 2255 267 2292 em
285 2255 333 2292 sex
351 2240 380 2292 et
397 2237 516 2292 totidem
534 2236 610 2293 luces
629 2237 665 2293 de
682 2255 777 2292 mense
795 2238 966 2306 supersunt;
1006 2233 1065 2290 725

237 2319 314 2375 Huic
331 2338 419 2375 unum
437 2338 554 2376 numero
571 2325 608 2374 tu‘
621 2325 717 2374 temen
734 2318 807 2374 edde
825 2317 915 2372 diem:

205 2401 254 2456 Sol
272 2403 330 2459 abit
348 2422 364 2458 e
382 2402 518 2466 Geminis,
538 2407 567 2457 et
585 2401 686 2457 Generi
704 2400 783 2473 signe
799 2400 970 2456 rubescunt:

239 2484 331 2556 Coepit
346 2486 489 2540 Aventius
506 2483 600 2539 Pelles
618 2484 649 2538 in
666 2501 731 2540 eree
749 2483 811 2539 coli.

203 2648 225 2703 J
226 2667 270 2704 em
287 2652 345 2712 tue,
364 2647 532 2712 Laomedon,
551 2647 641 2703 oritur
658 2665 755 2711 nurus,
774 2651 893 2717 ortuque
912 2649 1032 2700 noctem

240 2730 333 2794 Pellit‚
352 2735 382 2786 et
400 2750 416 2786 e
432 2731 521 2802 pratis
536 2731 592 2785 ude
609 2730 711 2802 pruine
729 2729 811 2800 fugit.
1014 2727 1077 2784 730

202 2813 334 2877 Reddite,
354 2813 481 2885 quisquis
499 2813 523 2868 is
542 2818 592 2876 est,
614 2812 766 2867 Summano
783 2809 888 2881 templs
905 2808 1062 2874 seruntur,

237 2895 310 2950 lirin
329 2913 394 2950 oum
414 2895 558 2959 Romanis,
577 2895 698 2967 Pyrrhe,
717 2892 860 2949 timendus
878 2909 951 2946 eres.
1104 2909 1116 2966 ,ι

205 3061 290 3115 Hane
308 3079 419 3133 quoque
438 3080 501 3117 cum
520 3063 618 3134 petriis
637 3061 756 3117 Gsletea
773 3059 912 3131 receperit
929 3059 1031 3124 nudis,

239 3139 382 3209 Plenaque
401 3159 503 3197 seeuree
520 3149 598 3198 terre
616 3143 719 3214 quietis
738 3143 808 3205 erit;

205 3216 300 3284 Surgit
318 3219 404 3273 humo
419 3223 539 3290 juvenis,
559 3225 623 3278 telis
642 3223 753 3278 efflatus
771 3224 863 3287 evitis,
1016 3223 1078 3282 735

238 3294 279 3349 Et
296 3298 407 3364 gemino
422 3319 506 3356 nexas
526 3304 645 3374 porrigit
663 3323 756 3375 ungue
773 3323 884 3361 manus.
