2252 3706
220 95 256 150 66
454 89 646 147 novrum
663 89 841 148 rusorus
999 91 1068 164 [ns

221 234 303 290 Luuu
319 253 423 290 novum
440 233 531 290 deeies
549 233 679 305 impleret
697 233 827 290 cornibus
846 234 963 291 orbem:
1028 236 1069 294 175

258 317 328 385 Quae
347 317 438 373 fueret
455 318 534 389 virgo
553 317 665 381 eredita,
685 323 776 372 muter
793 323 861 373 eret.

221 400 299 456 Lesa
316 400 385 455 furit
401 400 487 463 June,
506 400 624 454 formem
641 405 788 471 mutatque
805 400 912 472 puellm.

258 482 335 550 Quid
352 482 440 537 fecis?
458 482 546 537 invito
564 487 676 553 pectore
693 501 776 553 passa
793 481 815 537 J
814 501 894 538 ovem
913 487 967 538 est.

222 561 318 635 thue
336 564 401 620 ferse
418 564 489 619 vidit
506 570 602 636 turpes
620 563 650 617 in
667 565 766 635 pellice
782 565 885 628 vuitus,

258 645 353 718 Hujus
371 647 401 700 iu
419 646 560 718 amplexus
578 646 700 717 Jupiter,
719 648 820 718 inquit,
840 651 893 702 665.
1027 650 1072 702 100
1092 699 1103 722 ,

222 727 297 784 Ursa
313 747 364 800 per
381 729 500 785 incultos
519 729 630 784 errabat
647 729 774 800 squelidu¹
791 734 909 792 montes,
1100 761 1104 1000 ]

259 810 328 878 Quae
346 811 438 866 566665
455 829 563 866 summo
580 829 670 883 nuper
688 811 806 866 arumde
822 811 897 866 Jovi.

222 893 244 952 J
244 913 289 948 um
305 893 361 948 triu
377 893 466 948 lustru
482 912 552 964 puer
570 893 646 948 furto
664 900 812 966 conceptus
829 893 939 966 agebat,

259 975 331 1031 Cum
347 981 438 1031 meter
455 981 521 1031 nuto
539 981 583 1030 est
600 975 681 1030 obvie
698 976 772 1032 faeta
789 994 847 1030 suo.

223 1055 279 1114 1116
291 1057 411 1130 quidem,
424 1064 558 1129 tanquam
570 1063 755 1130 cognesceret,
769 1057 877 1113 adstitit
888 1076 996 1124 umens,
1028 1061 1072 1114 185

258 1139 299 1195 Et
316 1141 436 1212 gemuit:
460 1141 580 1213 gemitus
598 1141 684 1196 verbu
700 1141 823 1212 parentis
842 1146 930 1196 66665.

224 1221 307 1278 Hane
324 1241 395 1294 puer
411 1223 524 1294 ignarus
540 1223 633 1294 jaeulo
651 1223 758 1278 fixisset
776 1229 870 1287 ueut03

258 1305 300 1359 Ni
316 1305 390 1360 foret
407 1306 437 1360 in
455 1323 568 1377 superus
585 1310 682 1378 ruptus
700 1311 818 1376 uterque
835 1304 940 1360 domos.

225 1387 591 1459 Siguepropinquamieuut.
605 1386 1074 1459 Priorest,quamdieimusAret0u;
1105 1439 1106 1458 ¹

258 1469 450 1541 Arctophylax
467 1469 584 1524 formem
601 1475 682 1541 terga
699 1470 840 1541 sequentis
857 1470 954 1525 hebet.
1031 1475 1076 1527 190

226 1551 310 1607 sevit
328 1550 427 1614 adhue,
446 1569 598 1622 canamque
616 1558 698 1624 roget
717 1552 848 1608 Saturnia
865 1551 992 1624 Tethyn,

260 1633 421 1689 Maeueiium
438 1634 521 1689 tretis
538 1651 574 1689 ne
592 1633 668 1690 leret
685 1635 793 1690 Areten
811 1634 899 1706 aquis.

224 1802 323 1858 Idibus
342 1801 459 1874 agrestis
477 1801 587 1858 fumant
604 1802 702 1858 alteria
719 1803 819 1867 Fauni,

260 1884 318 1939 Hie
335 1885 386 1940 ubi
404 1885 536 1941 discretus
553 1884 645 1940 insule
662 1887 769 1957 rumpit
787 1903 881 1958 equus

224 1967 296 2022 Huc
313 1966 367 2022 fuit
384 1967 432 2022 illu
450 1967 544 2031 dies,
536 1987 566 2022 1n
583 1986 640 2039 que
657 1968 825 2024 Veientibus
844 1967 919 2022 arvis
1034 1941 1108 2024 105

259 2049 315 2106 Ter
332 2055 444 2106 eentum
460 2049 550 2113 Fabii,
569 2055 614 2104 ter
632 2050 755 2106 eeeidere
774 2050 837 2106 duo.

224 2132 290 2188 Une
302 2132 399 2188 domus
416 2133 490 2188 vires
508 2137 537 2187 et
555 2149 625 2187 onus
644 2137 804 2204 susceperat
821 2131 916 2187 urbis.

261 2215 381 2271 Sumunt
399 2215 517 2286 gentiles
535 2232 612 2268 urum
628 2214 754 2286 professu
771 2232 878 2269 munus,

223 2297 377 2369 Egreditur
394 2297 491 2352 eastris
508 2296 587 2351 miles
605 2314 754 2365 generosus
773 2297 807 2351 ub
825 2295 924 2360 isdem,

259 2380 285 2434 E
305 2379 366 2451 quis
385 2379 442 2435 dux
459 2378 522 2434 fieri
539 2378 659 2449 quilibet
677 2384 759 2450 aptus
778 2384 846 2433 erut.
1038 2383 1088 2436 200

225 2462 381 2519 Carmentis
398 2465 485 2533 porte
503 2460 602 2516 dextro
619 2460 666 2515 via
682 2461 807 2532 proxime
825 2460 899 2515 June
916 2465 973 2515 est.

259 2545 307 2601 Ire
325 2563 375 2617 per
392 2543 464 2599 5666
482 2543 547 2606 665,
567 2543 693 2614 quisquis
712 2562 758 2610 es;
778 2561 860 2598 omen
876 2542 976 2599 56565.

224 2628 280 2684 Ille
296 2627 370 2683 fame
386 2625 473 2682 refert
489 2625 592 2680 Fabios
611 2625 699 2680 exisse
716 2631 865 2681 trecentos.

260 2710 348 2765 Portu
363 2714 445 2766 vacet
462 2707 551 2780 eulpa,
570 2706 620 2764 sed
637 2713 732 2764 tumen
749 2725 831 2762 omen
848 2707 942 2762 56565.

225 2791 268 2848 Ut
286 2791 369 2846 celeri
385 2809 470 2863 passu
487 2789 647 2846 Cremeram
664 2790 783 2862 tetigere
799 2807 935 2861 repueem.
1040 2794 1091 2848 505

263 2873 413 2944 (Turbidus
431 2872 555 2928 hibernis
573 2872 621 2927 ille
638 2871 743 2927 fluebat
761 2873 861 2943 aquis)

226 2956 325 3013 Castra
341 2954 402 3010 loeo
419 2961 544 3027 ponuut;
564 2954 703 3011 destrictis
721 2954 833 3010 ensibus
851 2953 905 3026 ipsi

261 3036 438 3111 Tyrrhenum
454 3037 547 3092 valide
564 3037 660 3092 Marte
677 3055 730 3108 per
746 3055 847 3108 agmen
864 3039 941 3091 eunt.

226 3120 294 3174 Non
311 3120 400 3181 aliter,
420 3137 504 3188 quum
522 3137 586 3174 eum
603 3118 710 3189 Libyen
728 3118 763 3174 de
779 3137 849 3190 rupe
867 3117 964 3174 leones

261 3199 404 3253 Invadunt
421 3215 529 3267 sparsos
547 3198 605 3254 1656
620 3218 673 3270 per
689 3218 756 3256 srva
774 3218 883 3272 greges.
1041 3205 1093 3259 210
