2250 3704
95 56 142 128 r]
448 55 577 114 sissi.
889 60 942 118 119

97 199 171 256 Clare
187 217 274 272 napos
292 198 425 264 Atlantis,
444 199 519 265 sdes,
538 217 623 272 quem
640 201 784 258 montibus
801 201 869 258 olim

126 282 223 338 Edidit
239 283 367 338 Arcadiis
386 283 479 340 Pleias
497 303 554 338 una
571 283 655 349 Jovi,

94 364 171 422 Pacis
188 371 218 422 at
234 384 375 424 armorum
392 366 500 438 superis
517 365 636 438 imisque
654 367 771 426 dcomm
886 369 938 424 665

126 449 247 513 Arbiter,
266 449 340 506 alato
358 449 408 522 qui
425 449 496 520 pede
514 449 604 521 carpis
622 449 692 516 iton

93 531 167 588 Ioeto
183 532 250 605 lprae
268 533 359 604 pulsu,
378 533 468 588 nitida
486 551 598 605 quoque
615 533 678 590 laete
695 533 838 606 palastra:

127 614 189 683 Quo
208 614 305 672 didicit
322 615 396 670 culte
412 615 510 686 lingua
526 615 639 672 favente
656 616 741 688 loqui.

94 696 206 770 Templa
221 697 275 754 tibi
291 715 409 770 posuero
426 703 521 769 patres
540 699 696 769 spectantia
714 697 826 759 Circum

125 779 233 835 Idibus.
267 780 314 835 Ex
330 780 379 836 illo
397 785 440 835 est
457 779 516 838 hac
533 780 588 838 tibi
604 780 677 838 festa
695 780 762 838 dies.
883 782 940 840 dio

93 861 139 927 Te,
158 863 316 937 quicunque
334 881 398 919 suas
415 863 565 934 profitetur
581 863 703 920 vendere
720 883 834 930 merces,

125 944 219 1001 Thura
237 945 311 1010 dato,
329 946 438 1002 tribuas
456 949 489 1004 ut
507 945 561 1004 sibi
577 945 664 1009 lucra,
682 952 772 1018 rogat.
879 983 884 990 -

91 1026 143 1084 Est
160 1047 232 1101 aqua
249 1028 387 1084 Mercurii
403 1033 491 1100 portoe
507 1027 600 1086 vicina
618 1027 752 1100 Capena:

126 1109 158 1166 Si
171 1113 253 1183 juvat
270 1111 392 1182 expertis
411 1109 532 1174 credere,
551 1129 658 1168 numen
672 1109 766 1168 habet.

91 1193 157 1250 Huc
174 1195 253 1250 venit
269 1194 406 1250 incinctus
424 1193 534 1248 tunicas
551 1197 698 1257 mercator,
717 1199 747 1250 et
763 1212 835 1252 urna
885 1193 938 1251 675

124 1276 217 1332 Purus
235 1276 335 1340 suffita,
355 1294 440 1347 quam
457 1274 539 1339 ferat,
558 1275 653 1330 haurit
670 1294 779 1346 aquam.

91 1359 158 1416 Uda
174 1360 208 1414 fit
225 1359 291 1416 hinc
308 1359 419 1416 laurus:
438 1357 518 1416 lauro
536 1363 707 1430 sparguntur
724 1358 760 1413 ab
777 1358 835 1417 uda

124 1441 236 1507 Omnia,
255 1461 317 1513 quse
336 1441 463 1496 dominos
481 1446 549 1499 sunt
566 1439 699 1498 habitura
715 1459 811 1498 novos.

90 1523 205 1598 spargit
222 1529 252 1580 et
269 1525 329 1597 ipse
347 1541 412 1579 suos
429 1523 509 1582 lauro
525 1528 638 1578 rorante
657 1523 779 1595 capillos,

123 1607 165 1663 Et
181 1608 293 1680 peragit
311 1606 394 1662 solita
411 1605 508 1662 fallere
525 1623 594 1662 voca
611 1624 717 1677 preces.
885 1609 940 1664 660

89 1690 182 1746 Ablue
199 1689 334 1762 prateriti
351 1689 476 1761 perjuria
494 1688 639 1760 temporis,
658 1687 767 1760 inquit余

123 1772 217 1828 Ablue
234 1772 376 1845 praeterita
392 1771 500 1843 perfida
516 1771 603 1828 verba
621 1770 675 1826 die.

91 1853 155 1910 Sive
172 1873 226 1927 ego
242 1861 272 1910 tc
288 1854 343 1912 feci
359 1859 471 1919 testem,
489 1853 594 1910 falsove
612 1852 697 1912 citavi

123 1935 192 1992 Non
210 1937 332 1993 audituri
349 1936 466 1994 numina
482 1954 585 2008 magna
601 1935 699 2000 lovis,

91 2017 155 2074 Siva
173 2019 257 2076 deum
274 2019 397 2091 prudens
415 2019 501 2078 alium
519 2018 646 2076 divamve
664 2017 767 2082 fefelli余
887 2021 940 2076 666

122 2102 301 2160 Abstulerint
319 2101 422 2158 celeres
440 2101 568 2174 improba
586 2101 661 2158 dicta
681 2101 762 2160 Noti.

89 2182 129 2239 Et
145 2189 263 2256 pereant
280 2183 409 2239 veniente
427 2183 473 2239 die
490 2184 615 2256 perjuria
631 2183 729 2247 nobis余

123 2266 188 2323 Nec
205 2272 304 2323 curent
321 2265 423 2339 superi,
443 2266 468 2321 si
486 2285 542 2339 qua
559 2265 668 2321 locutus
687 2283 744 2320 ero.

87 2347 134 2404 Da
150 2349 235 2405 modo
251 2348 329 2404 lucra
345 2349 423 2412 mihi,
443 2348 479 2404 da
496 2347 570 2404 facto
589 2347 691 2420 gaudia
708 2348 787 2402 lucro
796 2371 804 2413 余

123 2430 165 2486 Et
182 2430 251 2495 face,
269 2437 303 2487 ut
321 2431 422 2488 emtori
438 2431 526 2486 verba
544 2430 653 2486 dedisse
669 2431 759 2502 juvet.
886 2431 941 2486 690

89 2511 169 2568 Talia
185 2513 345 2569 Mercurius
363 2519 523 2586 poscentem
541 2513 615 2568 ridet
633 2513 668 2568 ab
687 2511 754 2577 alto,

126 2595 164 2652 Se
180 2615 288 2652 memor
306 2595 440 2670 Ortygias
459 2596 626 2668 surripuisse
644 2595 740 2650 bores.

90 2759 131 2816 At
148 2761 219 2816 mihi
235 2761 335 2833 pande,
354 2779 462 2834 precor,
480 2766 561 2818 tauto
578 2759 695 2816 meliora
711 2759 828 2832 petenti,

125 2843 164 2898 In
181 2843 315 2900 Geminos
334 2863 369 2900 ex
387 2863 443 2916 quo
460 2850 586 2916 tempore
604 2841 727 2898 Phoebus
746 2845 800 2896 eat,

22 2895 32 2960 l
91 2923 164 2981 Cum
179 2927 298 2982 totidem
315 2927 351 2982 de
367 2945 463 2986 mense
481 2927 539 2982 dics
558 2942 702 2996 superesse
719 2921 836 2987 videbis,
890 2924 942 2984 695

128 3007 206 3076 Quot
223 3014 290 3064 suut
309 3008 446 3065 Herculei
464 3009 539 3066 facta
555 3007 666 3071 laboris,
686 3006 734 3062 ait.

93 3087 157 3154 Dio,
175 3109 227 3164 ago
244 3091 384 3164 respondi,
403 3110 515 3148 causam
531 3090 601 3145 mihi
619 3088 718 3144 sideris
735 3087 829 3160 hujus.

129 3171 249 3230 Causam
265 3173 386 3230 facundo
402 3174 528 3247 prodidit
544 3191 593 3230 ora
610 3171 696 3228 deus:
