<?xml version="1.0" encoding="UTF-8"?>
<!DOCTYPE html PUBLIC "-//W3C//DTD XHTML 1.0 Transitional//EN"
    "http://www.w3.org/TR/xhtml1/DTD/xhtml1-transitional.dtd">
<html xmlns="http://www.w3.org/1999/xhtml" xml:lang="en" lang="en">
 <head>
  <title>
</title>
<meta http-equiv="Content-Type" content="text/html;charset=utf-8" />
  <meta name='ocr-system' content='tesseract 3.04.00' />
  <meta name='ocr-capabilities' content='ocr_page ocr_carea ocr_par ocr_line ocrx_word'/>
</head>
<body>
  <div class='ocr_page' id='page_1' title='image "./fasti00ovidgoog_0077.png"; bbox 0 0 2250 3704; ppageno 0'>
   <div class='ocr_carea' id='block_1_1' title="bbox 166 64 1018 141">
    <p class='ocr_par' dir='ltr' id='par_1_1' title="bbox 166 64 1018 141">
     <span class='ocr_line' id='line_1_1' title="bbox 166 64 1018 141; baseline 0.001 -16"><span class='ocrx_word' id='word_1_1' title='bbox 166 68 203 126; x_wconf 78' lang='grc'><strong>11</strong></span> <span class='ocrx_word' id='word_1_2' title='bbox 399 65 433 122; x_wconf 85' lang='lat' dir='ltr'><strong>r.</strong></span> <span class='ocrx_word' id='word_1_3' title='bbox 452 64 591 122; x_wconf 81' lang='lat' dir='ltr'><strong>0an</strong></span> <span class='ocrx_word' id='word_1_4' title='bbox 608 64 786 123; x_wconf 77' lang='grc'>11111111</span> <span class='ocrx_word' id='word_1_5' title='bbox 940 69 1018 141; x_wconf 69' lang='lat' dir='ltr'><strong>[ns.</strong></span> 
     </span>
    </p>
   </div>
   <div class='ocr_carea' id='block_1_2' title="bbox 161 209 1024 2846">
    <p class='ocr_par' dir='ltr' id='par_1_2' title="bbox 161 209 1024 2846">
     <span class='ocr_line' id='line_1_2' title="bbox 168 209 950 286; baseline 0.001 -18"><span class='ocrx_word' id='word_1_6' title='bbox 168 211 241 276; x_wconf 82' lang='lat' dir='ltr'><strong>Sive,</strong></span> <span class='ocrx_word' id='word_1_7' title='bbox 260 211 336 283; x_wconf 86' lang='lat' dir='ltr'><strong>quod</strong></span> <span class='ocrx_word' id='word_1_8' title='bbox 353 229 382 266; x_wconf 86' lang='lat' dir='ltr'><strong>es</strong></span> <span class='ocrx_word' id='word_1_9' title='bbox 400 209 494 274; x_wconf 87' lang='lat' dir='ltr'><strong>Liber,</strong></span> <span class='ocrx_word' id='word_1_10' title='bbox 512 211 598 266; x_wconf 85' lang='lat' dir='ltr'><strong>vestis</strong></span> <span class='ocrx_word' id='word_1_11' title='bbox 616 229 728 283; x_wconf 85' lang='lat' dir='ltr'><strong>quoquc</strong></span> <span class='ocrx_word' id='word_1_12' title='bbox 747 211 835 268; x_wconf 80' lang='lat' dir='ltr'><strong>libera</strong></span> <span class='ocrx_word' id='word_1_13' title='bbox 851 231 902 286; x_wconf 86' lang='lat' dir='ltr'><strong>per</strong></span> <span class='ocrx_word' id='word_1_14' title='bbox 920 219 950 269; x_wconf 88' lang='lat' dir='ltr'><strong>ta</strong></span> 
     </span>
     <span class='ocr_line' id='line_1_3' title="bbox 202 293 699 358; baseline -0.002 -9"><span class='ocrx_word' id='word_1_15' title='bbox 202 293 336 358; x_wconf 82' lang='lat' dir='ltr'><strong>Sumitur,</strong></span> <span class='ocrx_word' id='word_1_16' title='bbox 356 299 384 348; x_wconf 90' lang='lat' dir='ltr'><strong>et</strong></span> <span class='ocrx_word' id='word_1_17' title='bbox 401 293 465 348; x_wconf 84' lang='lat' dir='ltr'><strong>vitae</strong></span> <span class='ocrx_word' id='word_1_18' title='bbox 482 293 619 348; x_wconf 87' lang='lat' dir='ltr'><strong>liberioris</strong></span> <span class='ocrx_word' id='word_1_19' title='bbox 638 293 699 348; x_wconf 90' lang='lat' dir='ltr'><strong>iter.</strong></span> 
     </span>
     <span class='ocr_line' id='line_1_4' title="bbox 164 375 903 448; baseline -0.001 -15"><span class='ocrx_word' id='word_1_20' title='bbox 164 379 212 433; x_wconf 81' lang='lat' dir='ltr'><strong>An</strong></span> <span class='ocrx_word' id='word_1_21' title='bbox 229 377 303 448; x_wconf 89' lang='lat' dir='ltr'><strong>quia,</strong></span> <span class='ocrx_word' id='word_1_22' title='bbox 322 394 385 431; x_wconf 89' lang='lat' dir='ltr'><strong>cum</strong></span> <span class='ocrx_word' id='word_1_23' title='bbox 402 375 488 446; x_wconf 86' lang='lat' dir='ltr'><strong>prisci</strong></span> <span class='ocrx_word' id='word_1_24' title='bbox 505 375 628 430; x_wconf 86' lang='lat' dir='ltr'><strong>colerent</strong></span> <span class='ocrx_word' id='word_1_25' title='bbox 646 376 796 432; x_wconf 74' lang='lat' dir='ltr'>studiosius</span> <span class='ocrx_word' id='word_1_26' title='bbox 814 395 903 448; x_wconf 75' lang='lat' dir='ltr'><strong>agros,</strong></span> 
     </span>
     <span class='ocr_line' id='line_1_5' title="bbox 199 457 1018 531; baseline 0.006 -18"><span class='ocrx_word' id='word_1_27' title='bbox 199 459 240 514; x_wconf 87' lang='lat' dir='ltr'><strong>Et</strong></span> <span class='ocrx_word' id='word_1_28' title='bbox 258 459 348 531; x_wconf 88' lang='lat' dir='ltr'><strong>patrio</strong></span> <span class='ocrx_word' id='word_1_29' title='bbox 366 457 471 513; x_wconf 87' lang='lat' dir='ltr'><strong>faceret</strong></span> <span class='ocrx_word' id='word_1_30' title='bbox 487 476 552 512; x_wconf 87' lang='lat' dir='ltr'><strong>rurs</strong></span> <span class='ocrx_word' id='word_1_31' title='bbox 570 463 681 513; x_wconf 86' lang='lat' dir='ltr'><strong>senator</strong></span> <span class='ocrx_word' id='word_1_32' title='bbox 698 477 767 530; x_wconf 90' lang='lat' dir='ltr'><strong>opus</strong></span> <span class='ocrx_word' id='word_1_33' title='bbox 776 483 784 524; x_wconf 89' lang='lat'>;</span> <span class='ocrx_word' id='word_1_34' title='bbox 966 460 1018 518; x_wconf 73' lang='lat'><strong>780</strong></span> 
     </span>
     <span class='ocr_line' id='line_1_6' title="bbox 164 539 809 613; baseline 0 -17"><span class='ocrx_word' id='word_1_35' title='bbox 164 541 205 596; x_wconf 82' lang='lat' dir='ltr'><strong>Et</strong></span> <span class='ocrx_word' id='word_1_36' title='bbox 222 546 333 613; x_wconf 85' lang='lat' dir='ltr'><strong>caperet</strong></span> <span class='ocrx_word' id='word_1_37' title='bbox 350 539 438 594; x_wconf 81' lang='lat' dir='ltr'><strong>fasces</strong></span> <span class='ocrx_word' id='word_1_38' title='bbox 456 559 474 594; x_wconf 86' lang='lat' dir='ltr'><strong>a</strong></span> <span class='ocrx_word' id='word_1_39' title='bbox 491 558 576 594; x_wconf 88' lang='lat' dir='ltr'><strong>curvo</strong></span> <span class='ocrx_word' id='word_1_40' title='bbox 594 541 691 595; x_wconf 90' lang='lat' dir='ltr'><strong>consul</strong></span> <span class='ocrx_word' id='word_1_41' title='bbox 708 547 809 606; x_wconf 89' lang='lat' dir='ltr'><strong>aratro,</strong></span> 
     </span>
     <span class='ocr_line' id='line_1_7' title="bbox 199 622 828 679; baseline 0.002 -1"><span class='ocrx_word' id='word_1_42' title='bbox 199 623 261 679; x_wconf 90' lang='lat' dir='ltr'><strong>Nec</strong></span> <span class='ocrx_word' id='word_1_43' title='bbox 280 623 384 678; x_wconf 81' lang='lat' dir='ltr'>crimen</span> <span class='ocrx_word' id='word_1_44' title='bbox 402 622 485 676; x_wconf 86' lang='lat' dir='ltr'><strong>duras</strong></span> <span class='ocrx_word' id='word_1_45' title='bbox 503 629 577 677; x_wconf 87' lang='lat' dir='ltr'><strong>esset</strong></span> <span class='ocrx_word' id='word_1_46' title='bbox 594 622 696 678; x_wconf 86' lang='lat' dir='ltr'><strong>habere</strong></span> <span class='ocrx_word' id='word_1_47' title='bbox 714 643 828 679; x_wconf 89' lang='lat' dir='ltr'><strong>manus:</strong></span> 
     </span>
     <span class='ocr_line' id='line_1_8' title="bbox 164 704 926 776; baseline 0 -14"><span class='ocrx_word' id='word_1_48' title='bbox 164 706 298 762; x_wconf 82' lang='lat' dir='ltr'><strong>Rusticus</strong></span> <span class='ocrx_word' id='word_1_49' title='bbox 316 706 353 760; x_wconf 84' lang='lat' dir='ltr'><strong>sd</strong></span> <span class='ocrx_word' id='word_1_50' title='bbox 369 704 450 760; x_wconf 90' lang='lat' dir='ltr'><strong>ludos</strong></span> <span class='ocrx_word' id='word_1_51' title='bbox 467 705 587 776; x_wconf 87' lang='lat' dir='ltr'><strong>populus</strong></span> <span class='ocrx_word' id='word_1_52' title='bbox 605 706 735 761; x_wconf 84' lang='lat' dir='ltr'><strong>veniebat</strong></span> <span class='ocrx_word' id='word_1_53' title='bbox 751 707 782 760; x_wconf 95' lang='lat' dir='ltr'><strong>in</strong></span> <span class='ocrx_word' id='word_1_54' title='bbox 799 706 926 762; x_wconf 76' lang='lat' dir='ltr'><strong>Urbem?</strong></span> 
     </span>
     <span class='ocr_line' id='line_1_9' title="bbox 202 786 847 852; baseline -0.002 -7"><span class='ocrx_word' id='word_1_55' title='bbox 202 789 259 845; x_wconf 80' lang='lat' dir='ltr'><strong>sed</strong></span> <span class='ocrx_word' id='word_1_56' title='bbox 276 788 326 852; x_wconf 82' lang='lat' dir='ltr'><strong>dis,</strong></span> <span class='ocrx_word' id='word_1_57' title='bbox 346 807 403 842; x_wconf 91' lang='lat' dir='ltr'><strong>non</strong></span> <span class='ocrx_word' id='word_1_58' title='bbox 420 786 529 850; x_wconf 88' lang='lat' dir='ltr'><strong>studiis,</strong></span> <span class='ocrx_word' id='word_1_59' title='bbox 548 787 595 842; x_wconf 89' lang='lat' dir='ltr'><strong>ille</strong></span> <span class='ocrx_word' id='word_1_60' title='bbox 614 787 733 842; x_wconf 85' lang='lat' dir='ltr'><strong>dabatur</strong></span> <span class='ocrx_word' id='word_1_61' title='bbox 750 789 847 844; x_wconf 81' lang='lat' dir='ltr'>honos.</span> 
     </span>
     <span class='ocr_line' id='line_1_10' title="bbox 164 870 1018 930; baseline 0.001 -3"><span class='ocrx_word' id='word_1_62' title='bbox 164 871 241 928; x_wconf 85' lang='lat' dir='ltr'><strong>Luce</strong></span> <span class='ocrx_word' id='word_1_63' title='bbox 259 889 310 926; x_wconf 87' lang='lat' dir='ltr'><strong>sua</strong></span> <span class='ocrx_word' id='word_1_64' title='bbox 325 870 406 926; x_wconf 90' lang='lat' dir='ltr'><strong>ludos</strong></span> <span class='ocrx_word' id='word_1_65' title='bbox 424 888 485 925; x_wconf 84' lang='lat' dir='ltr'><strong>uvae</strong></span> <span class='ocrx_word' id='word_1_66' title='bbox 504 875 674 925; x_wconf 88' lang='lat' dir='ltr'><strong>commentor</strong></span> <span class='ocrx_word' id='word_1_67' title='bbox 691 870 828 927; x_wconf 81' lang='lat' dir='ltr'><strong>habebat:</strong></span> <span class='ocrx_word' id='word_1_68' title='bbox 965 871 1018 930; x_wconf 77' lang='lat'><strong>785</strong></span> 
     </span>
     <span class='ocr_line' id='line_1_11' title="bbox 201 951 852 1024; baseline 0.002 -16"><span class='ocrx_word' id='word_1_69' title='bbox 201 955 279 1023; x_wconf 75' lang='lat' dir='ltr'><strong>Quos</strong></span> <span class='ocrx_word' id='word_1_70' title='bbox 298 972 361 1008; x_wconf 90' lang='lat' dir='ltr'><strong>cum</strong></span> <span class='ocrx_word' id='word_1_71' title='bbox 378 952 503 1007; x_wconf 81' lang='lat' dir='ltr'><strong>taedifera</strong></span> <span class='ocrx_word' id='word_1_72' title='bbox 519 971 594 1007; x_wconf 90' lang='lat' dir='ltr'><strong>nunc</strong></span> <span class='ocrx_word' id='word_1_73' title='bbox 611 951 697 1007; x_wconf 86' lang='lat' dir='ltr'><strong>habet</strong></span> <span class='ocrx_word' id='word_1_74' title='bbox 714 953 773 1024; x_wconf 88' lang='lat' dir='ltr'><strong>ipse</strong></span> <span class='ocrx_word' id='word_1_75' title='bbox 792 954 852 1009; x_wconf 87' lang='lat' dir='ltr'><strong>dea.</strong></span> 
     </span>
     <span class='ocr_line' id='line_1_12' title="bbox 164 1034 892 1108; baseline 0 -15"><span class='ocrx_word' id='word_1_76' title='bbox 164 1037 251 1107; x_wconf 79' lang='lat' dir='ltr'><strong>Ergo,</strong></span> <span class='ocrx_word' id='word_1_77' title='bbox 269 1041 304 1090; x_wconf 88' lang='lat' dir='ltr'><strong>ut</strong></span> <span class='ocrx_word' id='word_1_78' title='bbox 320 1035 440 1090; x_wconf 83' lang='lat' dir='ltr'><strong>tironem</strong></span> <span class='ocrx_word' id='word_1_79' title='bbox 458 1034 598 1090; x_wconf 86' lang='lat' dir='ltr'><strong>celebrare</strong></span> <span class='ocrx_word' id='word_1_80' title='bbox 615 1034 774 1106; x_wconf 80' lang='lat' dir='ltr'><strong>frequentin</strong></span> <span class='ocrx_word' id='word_1_81' title='bbox 790 1043 892 1108; x_wconf 87' lang='lat' dir='ltr'><strong>posset,</strong></span> 
     </span>
     <span class='ocr_line' id='line_1_13' title="bbox 199 1117 743 1190; baseline -0.004 -16"><span class='ocrx_word' id='word_1_82' title='bbox 199 1119 270 1174; x_wconf 89' lang='lat' dir='ltr'><strong>Visa</strong></span> <span class='ocrx_word' id='word_1_83' title='bbox 288 1117 346 1173; x_wconf 89' lang='lat' dir='ltr'><strong>dies</strong></span> <span class='ocrx_word' id='word_1_84' title='bbox 365 1117 462 1172; x_wconf 83' lang='lat' dir='ltr'><strong>dandae</strong></span> <span class='ocrx_word' id='word_1_85' title='bbox 481 1135 538 1171; x_wconf 91' lang='lat' dir='ltr'><strong>non</strong></span> <span class='ocrx_word' id='word_1_86' title='bbox 556 1117 646 1172; x_wconf 86' lang='lat' dir='ltr'><strong>alisna</strong></span> <span class='ocrx_word' id='word_1_87' title='bbox 662 1123 743 1190; x_wconf 83' lang='lat' dir='ltr'><strong>togas.</strong></span> 
     </span>
     <span class='ocr_line' id='line_1_14' title="bbox 164 1198 947 1271; baseline 0.001 -15"><span class='ocrx_word' id='word_1_88' title='bbox 164 1201 248 1265; x_wconf 88' lang='lat' dir='ltr'><strong>Mite,</strong></span> <span class='ocrx_word' id='word_1_89' title='bbox 266 1205 352 1271; x_wconf 81' lang='lat' dir='ltr'><strong>pater,</strong></span> <span class='ocrx_word' id='word_1_90' title='bbox 372 1204 456 1270; x_wconf 90' lang='lat' dir='ltr'><strong>caput</strong></span> <span class='ocrx_word' id='word_1_91' title='bbox 472 1199 527 1254; x_wconf 89' lang='lat' dir='ltr'><strong>huc</strong></span> <span class='ocrx_word' id='word_1_92' title='bbox 544 1198 707 1270; x_wconf 76' lang='lat' dir='ltr'><strong>placataque</strong></span> <span class='ocrx_word' id='word_1_93' title='bbox 726 1218 829 1256; x_wconf 85' lang='lat' dir='ltr'><strong>cornua</strong></span> <span class='ocrx_word' id='word_1_94' title='bbox 844 1207 947 1266; x_wconf 84' lang='lat' dir='ltr'><strong>vertas,</strong></span> 
     </span>
     <span class='ocr_line' id='line_1_15' title="bbox 200 1285 1022 1358; baseline 0.005 -17"><span class='ocrx_word' id='word_1_95' title='bbox 200 1286 241 1342; x_wconf 86' lang='lat' dir='ltr'><strong>Et</strong></span> <span class='ocrx_word' id='word_1_96' title='bbox 258 1286 307 1342; x_wconf 90' lang='lat' dir='ltr'><strong>des</strong></span> <span class='ocrx_word' id='word_1_97' title='bbox 324 1286 436 1358; x_wconf 85' lang='lat' dir='ltr'><strong>ingenio</strong></span> <span class='ocrx_word' id='word_1_98' title='bbox 454 1285 516 1340; x_wconf 82' lang='lat' dir='ltr'><strong>vela</strong></span> <span class='ocrx_word' id='word_1_99' title='bbox 533 1286 655 1340; x_wconf 88' lang='lat' dir='ltr'><strong>secunda</strong></span> <span class='ocrx_word' id='word_1_100' title='bbox 672 1305 743 1342; x_wconf 83' lang='lat' dir='ltr'><strong>meo.</strong></span> <span class='ocrx_word' id='word_1_101' title='bbox 966 1288 1022 1345; x_wconf 81' lang='lat'><strong>790</strong></span> 
     </span>
     <span class='ocr_line' id='line_1_16' title="bbox 165 1367 859 1440; baseline 0 -16"><span class='ocrx_word' id='word_1_102' title='bbox 165 1369 230 1424; x_wconf 88' lang='lat' dir='ltr'><strong>Itur</strong></span> <span class='ocrx_word' id='word_1_103' title='bbox 246 1370 284 1424; x_wconf 90' lang='lat' dir='ltr'><strong>ad</strong></span> <span class='ocrx_word' id='word_1_104' title='bbox 301 1369 408 1440; x_wconf 83' lang='lat' dir='ltr'><strong>Argeos</strong></span> <span class='ocrx_word' id='word_1_105' title='bbox 428 1368 488 1440; x_wconf 87' lang='lat' dir='ltr'><strong>(qui</strong></span> <span class='ocrx_word' id='word_1_106' title='bbox 505 1367 569 1432; x_wconf 86' lang='lat' dir='ltr'><strong>sint,</strong></span> <span class='ocrx_word' id='word_1_107' title='bbox 589 1387 639 1423; x_wconf 90' lang='lat' dir='ltr'><strong>sua</strong></span> <span class='ocrx_word' id='word_1_108' title='bbox 657 1369 759 1440; x_wconf 82' lang='lat' dir='ltr'><strong>pagina</strong></span> <span class='ocrx_word' id='word_1_109' title='bbox 776 1369 859 1439; x_wconf 86' lang='lat' dir='ltr'><strong>dicat)</strong></span> 
     </span>
     <span class='ocr_line' id='line_1_17' title="bbox 199 1450 804 1522; baseline 0.002 -17"><span class='ocrx_word' id='word_1_110' title='bbox 199 1451 271 1515; x_wconf 86' lang='lat' dir='ltr'><strong>Hac,</strong></span> <span class='ocrx_word' id='word_1_111' title='bbox 292 1450 316 1505; x_wconf 90' lang='lat' dir='ltr'><strong>si</strong></span> <span class='ocrx_word' id='word_1_112' title='bbox 333 1450 515 1514; x_wconf 82' lang='lat' dir='ltr'><strong>commemini,</strong></span> <span class='ocrx_word' id='word_1_113' title='bbox 537 1451 730 1522; x_wconf 71' lang='lat' dir='ltr'><strong>praeteritaque</strong></span> <span class='ocrx_word' id='word_1_114' title='bbox 752 1451 804 1506; x_wconf 85' lang='lat' dir='ltr'><strong>dic.</strong></span> 
     </span>
     <span class='ocr_line' id='line_1_18' title="bbox 166 1532 873 1606; baseline -0.001 -17"><span class='ocrx_word' id='word_1_115' title='bbox 166 1533 253 1589; x_wconf 78' lang='lat' dir='ltr'>Stella</span> <span class='ocrx_word' id='word_1_116' title='bbox 270 1533 440 1606; x_wconf 64' lang='lat' dir='ltr'><strong>Lycaoniam</strong></span> <span class='ocrx_word' id='word_1_117' title='bbox 457 1532 549 1604; x_wconf 86' lang='lat' dir='ltr'><strong>vergit</strong></span> <span class='ocrx_word' id='word_1_118' title='bbox 565 1533 695 1604; x_wconf 85' lang='lat' dir='ltr'><strong>proclivis</strong></span> <span class='ocrx_word' id='word_1_119' title='bbox 713 1534 750 1588; x_wconf 84' lang='lat' dir='ltr'><strong>sd</strong></span> <span class='ocrx_word' id='word_1_120' title='bbox 766 1534 873 1589; x_wconf 79' lang='lat' dir='ltr'>Arcton</span> 
     </span>
     <span class='ocr_line' id='line_1_19' title="bbox 200 1615 828 1671; baseline 0 -1"><span class='ocrx_word' id='word_1_121' title='bbox 200 1615 317 1671; x_wconf 89' lang='lat' dir='ltr'><strong>Miluus.</strong></span> <span class='ocrx_word' id='word_1_122' title='bbox 354 1615 424 1670; x_wconf 84' lang='lat' dir='ltr'><strong>Haec</strong></span> <span class='ocrx_word' id='word_1_123' title='bbox 441 1615 490 1669; x_wconf 89' lang='lat' dir='ltr'><strong>illa</strong></span> <span class='ocrx_word' id='word_1_124' title='bbox 507 1620 588 1669; x_wconf 87' lang='lat' dir='ltr'><strong>nocts</strong></span> <span class='ocrx_word' id='word_1_125' title='bbox 605 1615 726 1670; x_wconf 83' lang='lat' dir='ltr'><strong>videnda</strong></span> <span class='ocrx_word' id='word_1_126' title='bbox 742 1616 828 1670; x_wconf 88' lang='lat' dir='ltr'><strong>venit.</strong></span> 
     </span>
     <span class='ocr_line' id='line_1_20' title="bbox 165 1700 1021 1772; baseline 0.004 -15"><span class='ocrx_word' id='word_1_127' title='bbox 165 1700 243 1769; x_wconf 80' lang='lat' dir='ltr'><strong>Quid</strong></span> <span class='ocrx_word' id='word_1_128' title='bbox 261 1701 369 1757; x_wconf 84' lang='lat' dir='ltr'><strong>dederit</strong></span> <span class='ocrx_word' id='word_1_129' title='bbox 385 1701 499 1765; x_wconf 87' lang='lat' dir='ltr'><strong>volucri,</strong></span> <span class='ocrx_word' id='word_1_130' title='bbox 519 1701 543 1756; x_wconf 90' lang='lat' dir='ltr'><strong>si</strong></span> <span class='ocrx_word' id='word_1_131' title='bbox 559 1702 602 1756; x_wconf 82' lang='lat' dir='ltr'><strong>vis</strong></span> <span class='ocrx_word' id='word_1_132' title='bbox 621 1720 793 1772; x_wconf 79' lang='lat' dir='ltr'><strong>cognoscere,</strong></span> <span class='ocrx_word' id='word_1_133' title='bbox 813 1703 926 1768; x_wconf 86' lang='lat' dir='ltr'><strong>coelum;</strong></span> <span class='ocrx_word' id='word_1_134' title='bbox 964 1703 1021 1760; x_wconf 79' lang='lat'><strong>795</strong></span> 
     </span>
     <span class='ocr_line' id='line_1_21' title="bbox 201 1786 793 1859; baseline 0.002 -17"><span class='ocrx_word' id='word_1_135' title='bbox 201 1789 338 1842; x_wconf 84' lang='lat' dir='ltr'><strong>Sutumus</strong></span> <span class='ocrx_word' id='word_1_136' title='bbox 355 1787 449 1858; x_wconf 82' lang='lat' dir='ltr'><strong>regnis</strong></span> <span class='ocrx_word' id='word_1_137' title='bbox 468 1787 502 1842; x_wconf 88' lang='lat' dir='ltr'><strong>ab</strong></span> <span class='ocrx_word' id='word_1_138' title='bbox 520 1786 593 1842; x_wconf 83' lang='lat' dir='ltr'><strong>Jove</strong></span> <span class='ocrx_word' id='word_1_139' title='bbox 611 1788 706 1859; x_wconf 88' lang='lat' dir='ltr'><strong>pulsus</strong></span> <span class='ocrx_word' id='word_1_140' title='bbox 725 1794 793 1843; x_wconf 85' lang='lat' dir='ltr'><strong>erat.</strong></span> 
     </span>
     <span class='ocr_line' id='line_1_22' title="bbox 165 1873 803 1938; baseline 0 -9"><span class='ocrx_word' id='word_1_141' title='bbox 165 1873 294 1930; x_wconf 80' lang='lat' dir='ltr'><strong>Concitat</strong></span> <span class='ocrx_word' id='word_1_142' title='bbox 310 1873 398 1927; x_wconf 87' lang='lat' dir='ltr'><strong>iratus</strong></span> <span class='ocrx_word' id='word_1_143' title='bbox 415 1873 521 1928; x_wconf 85' lang='lat' dir='ltr'><strong>validos</strong></span> <span class='ocrx_word' id='word_1_144' title='bbox 541 1873 653 1928; x_wconf 80' lang='lat' dir='ltr'><strong>Titanas</strong></span> <span class='ocrx_word' id='word_1_145' title='bbox 671 1875 702 1928; x_wconf 95' lang='lat' dir='ltr'><strong>in</strong></span> <span class='ocrx_word' id='word_1_146' title='bbox 719 1893 803 1938; x_wconf 86' lang='lat' dir='ltr'><strong>arma,</strong></span> 
     </span>
     <span class='ocr_line' id='line_1_23' title="bbox 200 1955 815 2028; baseline 0.002 -18"><span class='ocrx_word' id='word_1_147' title='bbox 200 1957 325 2027; x_wconf 68' lang='lat' dir='ltr'><strong>Quasque</strong></span> <span class='ocrx_word' id='word_1_148' title='bbox 342 1955 397 2010; x_wconf 89' lang='lat' dir='ltr'><strong>fuit</strong></span> <span class='ocrx_word' id='word_1_149' title='bbox 415 1955 479 2010; x_wconf 88' lang='lat' dir='ltr'><strong>fatis</strong></span> <span class='ocrx_word' id='word_1_150' title='bbox 498 1955 600 2019; x_wconf 85' lang='lat' dir='ltr'><strong>debita,</strong></span> <span class='ocrx_word' id='word_1_151' title='bbox 619 1957 709 2028; x_wconf 86' lang='lat' dir='ltr'><strong>poscit</strong></span> <span class='ocrx_word' id='word_1_152' title='bbox 727 1975 815 2028; x_wconf 87' lang='lat' dir='ltr'><strong>opem.</strong></span> 
     </span>
     <span class='ocr_line' id='line_1_24' title="bbox 164 2037 910 2104; baseline 0.001 -10"><span class='ocrx_word' id='word_1_153' title='bbox 164 2039 260 2094; x_wconf 84' lang='lat' dir='ltr'><strong>Matre</strong></span> <span class='ocrx_word' id='word_1_154' title='bbox 278 2043 354 2092; x_wconf 90' lang='lat' dir='ltr'><strong>satus</strong></span> <span class='ocrx_word' id='word_1_155' title='bbox 374 2037 467 2101; x_wconf 90' lang='lat' dir='ltr'><strong>Terra,</strong></span> <span class='ocrx_word' id='word_1_156' title='bbox 486 2043 642 2092; x_wconf 89' lang='lat' dir='ltr'><strong>monstrum</strong></span> <span class='ocrx_word' id='word_1_157' title='bbox 659 2039 793 2104; x_wconf 84' lang='lat' dir='ltr'><strong>mirabile,</strong></span> <span class='ocrx_word' id='word_1_158' title='bbox 812 2045 910 2095; x_wconf 83' lang='lat' dir='ltr'><strong>taurus</strong></span> 
     </span>
     <span class='ocr_line' id='line_1_25' title="bbox 198 2125 1024 2196; baseline 0.005 -16"><span class='ocrx_word' id='word_1_159' title='bbox 198 2125 284 2180; x_wconf 82' lang='lat' dir='ltr'><strong>Parte</strong></span> <span class='ocrx_word' id='word_1_160' title='bbox 302 2125 345 2180; x_wconf 88' lang='lat' dir='ltr'><strong>sui</strong></span> <span class='ocrx_word' id='word_1_161' title='bbox 362 2143 475 2195; x_wconf 85' lang='lat' dir='ltr'><strong>serpens</strong></span> <span class='ocrx_word' id='word_1_162' title='bbox 493 2125 646 2196; x_wconf 85' lang='lat' dir='ltr'><strong>posteriore</strong></span> <span class='ocrx_word' id='word_1_163' title='bbox 664 2125 726 2180; x_wconf 87' lang='lat' dir='ltr'><strong>fuit.</strong></span> <span class='ocrx_word' id='word_1_164' title='bbox 965 2131 1024 2184; x_wconf 89' lang='grc'><strong>800</strong></span> 
     </span>
     <span class='ocr_line' id='line_1_26' title="bbox 163 2211 804 2283; baseline 0 -17"><span class='ocrx_word' id='word_1_165' title='bbox 163 2211 250 2266; x_wconf 89' lang='lat' dir='ltr'><strong>Hunc</strong></span> <span class='ocrx_word' id='word_1_166' title='bbox 267 2211 371 2283; x_wconf 87' lang='lat' dir='ltr'><strong>triplici</strong></span> <span class='ocrx_word' id='word_1_167' title='bbox 387 2230 467 2266; x_wconf 88' lang='lat' dir='ltr'><strong>muro</strong></span> <span class='ocrx_word' id='word_1_168' title='bbox 483 2211 552 2266; x_wconf 91' lang='lat' dir='ltr'><strong>lucis</strong></span> <span class='ocrx_word' id='word_1_169' title='bbox 570 2211 720 2267; x_wconf 77' lang='lat' dir='ltr'><strong>incluserat</strong></span> <span class='ocrx_word' id='word_1_170' title='bbox 738 2212 804 2267; x_wconf 88' lang='lat' dir='ltr'><strong>atris</strong></span> 
     </span>
     <span class='ocr_line' id='line_1_27' title="bbox 198 2297 814 2368; baseline -0.002 -16"><span class='ocrx_word' id='word_1_171' title='bbox 198 2297 349 2352; x_wconf 78' lang='lat' dir='ltr'><strong>Parcarum</strong></span> <span class='ocrx_word' id='word_1_172' title='bbox 366 2297 475 2351; x_wconf 90' lang='lat' dir='ltr'><strong>monitu</strong></span> <span class='ocrx_word' id='word_1_173' title='bbox 494 2297 565 2368; x_wconf 83' lang='lat' dir='ltr'><strong>Styx</strong></span> <span class='ocrx_word' id='word_1_174' title='bbox 582 2297 705 2352; x_wconf 86' lang='lat' dir='ltr'><strong>violenta</strong></span> <span class='ocrx_word' id='word_1_175' title='bbox 721 2299 814 2353; x_wconf 88' lang='lat' dir='ltr'><strong>trium.</strong></span> 
     </span>
     <span class='ocr_line' id='line_1_28' title="bbox 162 2379 872 2450; baseline 0.001 -16"><span class='ocrx_word' id='word_1_176' title='bbox 162 2379 279 2434; x_wconf 88' lang='lat' dir='ltr'><strong>Viscera</strong></span> <span class='ocrx_word' id='word_1_177' title='bbox 297 2379 345 2450; x_wconf 94' lang='lat' dir='ltr'><strong>qui</strong></span> <span class='ocrx_word' id='word_1_178' title='bbox 362 2379 436 2433; x_wconf 87' lang='lat' dir='ltr'><strong>tauri</strong></span> <span class='ocrx_word' id='word_1_179' title='bbox 454 2379 571 2434; x_wconf 87' lang='lat' dir='ltr'><strong>flammis</strong></span> <span class='ocrx_word' id='word_1_180' title='bbox 589 2379 726 2434; x_wconf 80' lang='lat' dir='ltr'><strong>adolenda</strong></span> <span class='ocrx_word' id='word_1_181' title='bbox 743 2379 872 2445; x_wconf 83' lang='lat' dir='ltr'><strong>dedisset,</strong></span> 
     </span>
     <span class='ocr_line' id='line_1_29' title="bbox 200 2461 807 2534; baseline -0.002 -17"><span class='ocrx_word' id='word_1_182' title='bbox 200 2461 265 2517; x_wconf 83' lang='lat' dir='ltr'><strong>Sors</strong></span> <span class='ocrx_word' id='word_1_183' title='bbox 284 2467 351 2524; x_wconf 87' lang='lat' dir='ltr'><strong>erat,</strong></span> <span class='ocrx_word' id='word_1_184' title='bbox 371 2467 488 2516; x_wconf 87' lang='lat' dir='ltr'><strong>aeternos</strong></span> <span class='ocrx_word' id='word_1_185' title='bbox 505 2461 615 2516; x_wconf 80' lang='lat' dir='ltr'><strong>vincere</strong></span> <span class='ocrx_word' id='word_1_186' title='bbox 633 2480 714 2534; x_wconf 86' lang='lat' dir='ltr'><strong>posse</strong></span> <span class='ocrx_word' id='word_1_187' title='bbox 733 2462 807 2517; x_wconf 89' lang='lat' dir='ltr'><strong>deos.</strong></span> 
     </span>
     <span class='ocr_line' id='line_1_30' title="bbox 162 2543 1024 2605; baseline 0.008 -7"><span class='ocrx_word' id='word_1_188' title='bbox 162 2543 294 2599; x_wconf 89' lang='lat' dir='ltr'><strong>Immolat</strong></span> <span class='ocrx_word' id='word_1_189' title='bbox 305 2544 380 2599; x_wconf 88' lang='lat' dir='ltr'><strong>hunc</strong></span> <span class='ocrx_word' id='word_1_190' title='bbox 391 2543 523 2599; x_wconf 86' lang='lat' dir='ltr'><strong>Briareus</strong></span> <span class='ocrx_word' id='word_1_191' title='bbox 535 2544 610 2599; x_wconf 87' lang='lat' dir='ltr'><strong>facta</strong></span> <span class='ocrx_word' id='word_1_192' title='bbox 625 2563 659 2600; x_wconf 84' lang='lat' dir='ltr'><strong>ex</strong></span> <span class='ocrx_word' id='word_1_193' title='bbox 671 2545 818 2599; x_wconf 79' lang='lat' dir='ltr'><strong>adamante</strong></span> <span class='ocrx_word' id='word_1_194' title='bbox 829 2546 937 2601; x_wconf 85' lang='lat' dir='ltr'><strong>securi:</strong></span> <span class='ocrx_word' id='word_1_195' title='bbox 964 2551 1024 2605; x_wconf 77' lang='lat'><strong>805</strong></span> 
     </span>
     <span class='ocr_line' id='line_1_31' title="bbox 195 2625 820 2698; baseline -0.002 -17"><span class='ocrx_word' id='word_1_196' title='bbox 195 2626 237 2681; x_wconf 85' lang='lat' dir='ltr'><strong>Et</strong></span> <span class='ocrx_word' id='word_1_197' title='bbox 251 2627 310 2697; x_wconf 89' lang='lat' dir='ltr'><strong>jam</strong></span> <span class='ocrx_word' id='word_1_198' title='bbox 325 2627 384 2698; x_wconf 82' lang='lat' dir='ltr'><strong>jam</strong></span> <span class='ocrx_word' id='word_1_199' title='bbox 401 2625 518 2680; x_wconf 84' lang='lat' dir='ltr'><strong>flammis</strong></span> <span class='ocrx_word' id='word_1_200' title='bbox 537 2632 601 2681; x_wconf 84' lang='lat' dir='ltr'><strong>exta</strong></span> <span class='ocrx_word' id='word_1_201' title='bbox 618 2626 734 2682; x_wconf 86' lang='lat' dir='ltr'><strong>daturus</strong></span> <span class='ocrx_word' id='word_1_202' title='bbox 753 2631 820 2681; x_wconf 87' lang='grc'>1111.</span> 
     </span>
     <span class='ocr_line' id='line_1_32' title="bbox 161 2707 864 2781; baseline 0 -19"><span class='ocrx_word' id='word_1_203' title='bbox 161 2707 276 2779; x_wconf 79' lang='lat' dir='ltr'><strong>Jupiter</strong></span> <span class='ocrx_word' id='word_1_204' title='bbox 293 2709 405 2764; x_wconf 87' lang='lat' dir='ltr'><strong>alitibus</strong></span> <span class='ocrx_word' id='word_1_205' title='bbox 422 2727 520 2780; x_wconf 82' lang='lat' dir='ltr'><strong>rupere</strong></span> <span class='ocrx_word' id='word_1_206' title='bbox 537 2709 664 2781; x_wconf 84' lang='lat' dir='ltr'><strong>imperat.</strong></span> <span class='ocrx_word' id='word_1_207' title='bbox 701 2709 807 2762; x_wconf 89' lang='lat' dir='ltr'><strong>Attulit</strong></span> <span class='ocrx_word' id='word_1_208' title='bbox 823 2707 864 2763; x_wconf 91' lang='lat' dir='ltr'><strong>illi</strong></span> 
     </span>
     <span class='ocr_line' id='line_1_33' title="bbox 196 2789 812 2846; baseline 0.003 -2"><span class='ocrx_word' id='word_1_209' title='bbox 196 2789 320 2845; x_wconf 88' lang='lat' dir='ltr'><strong>Miluus:</strong></span> <span class='ocrx_word' id='word_1_210' title='bbox 341 2796 370 2846; x_wconf 87' lang='grc'><strong>11</strong></span> <span class='ocrx_word' id='word_1_211' title='bbox 387 2791 494 2846; x_wconf 87' lang='lat' dir='ltr'><strong>maritis</strong></span> <span class='ocrx_word' id='word_1_212' title='bbox 511 2791 637 2846; x_wconf 85' lang='lat' dir='ltr'><strong>venitin</strong></span> <span class='ocrx_word' id='word_1_213' title='bbox 655 2797 730 2846; x_wconf 82' lang='lat' dir='ltr'><strong>astra</strong></span> <span class='ocrx_word' id='word_1_214' title='bbox 747 2791 812 2846; x_wconf 87' lang='lat' dir='ltr'><strong>suis.</strong></span> 
     </span>
    </p>
   </div>
   <div class='ocr_carea' id='block_1_3' title="bbox 159 2953 1025 3260">
    <p class='ocr_par' dir='ltr' id='par_1_3' title="bbox 159 2953 1025 3260">
     <span class='ocr_line' id='line_1_34' title="bbox 159 2953 881 3021; baseline 0.001 -11"><span class='ocrx_word' id='word_1_215' title='bbox 159 2954 224 3010; x_wconf 91' lang='lat' dir='ltr'><strong>Una</strong></span> <span class='ocrx_word' id='word_1_216' title='bbox 242 2953 300 3009; x_wconf 86' lang='lat' dir='ltr'><strong>dies</strong></span> <span class='ocrx_word' id='word_1_217' title='bbox 318 2954 478 3019; x_wconf 87' lang='lat' dir='ltr'><strong>mediaest,</strong></span> <span class='ocrx_word' id='word_1_218' title='bbox 497 2960 526 3010; x_wconf 87' lang='grc'><strong>11</strong></span> <span class='ocrx_word' id='word_1_219' title='bbox 543 2955 616 3011; x_wconf 87' lang='lat' dir='ltr'><strong>fiunt</strong></span> <span class='ocrx_word' id='word_1_220' title='bbox 634 2974 712 3012; x_wconf 89' lang='lat' dir='ltr'><strong>sacra</strong></span> <span class='ocrx_word' id='word_1_221' title='bbox 730 2956 881 3021; x_wconf 84' lang='lat' dir='ltr'><strong>Minervoe;</strong></span> 
     </span>
     <span class='ocr_line' id='line_1_35' title="bbox 193 3034 1025 3108; baseline 0.014 -21"><span class='ocrx_word' id='word_1_222' title='bbox 193 3034 224 3087; x_wconf 86' lang='lat' dir='ltr'>N</span> <span class='ocrx_word' id='word_1_223' title='bbox 225 3034 372 3104; x_wconf 86' lang='lat' dir='ltr'><strong>ominaque</strong></span> <span class='ocrx_word' id='word_1_224' title='bbox 390 3036 525 3105; x_wconf 85' lang='lat' dir='ltr'><strong>ajunctis</strong></span> <span class='ocrx_word' id='word_1_225' title='bbox 544 3037 667 3108; x_wconf 88' lang='lat' dir='ltr'><strong>quinque</strong></span> <span class='ocrx_word' id='word_1_226' title='bbox 686 3038 784 3093; x_wconf 88' lang='lat' dir='ltr'><strong>diebus</strong></span> <span class='ocrx_word' id='word_1_227' title='bbox 802 3037 916 3094; x_wconf 85' lang='lat' dir='ltr'><strong>habent.</strong></span> <span class='ocrx_word' id='word_1_228' title='bbox 961 3044 1025 3098; x_wconf 85' lang='lat'><strong>810</strong></span> 
     </span>
     <span class='ocr_line' id='line_1_36' title="bbox 160 3113 934 3181; baseline 0.014 -16"><span class='ocrx_word' id='word_1_229' title='bbox 160 3113 300 3180; x_wconf 84' lang='lat' dir='ltr'><strong>Sanguine</strong></span> <span class='ocrx_word' id='word_1_230' title='bbox 317 3115 407 3181; x_wconf 87' lang='lat' dir='ltr'><strong>prima</strong></span> <span class='ocrx_word' id='word_1_231' title='bbox 424 3122 519 3170; x_wconf 82' lang='lat' dir='ltr'><strong>vacat:</strong></span> <span class='ocrx_word' id='word_1_232' title='bbox 538 3137 590 3173; x_wconf 89' lang='lat' dir='ltr'><strong>nec</strong></span> <span class='ocrx_word' id='word_1_233' title='bbox 607 3119 648 3172; x_wconf 87' lang='lat' dir='ltr'><strong>fas</strong></span> <span class='ocrx_word' id='word_1_234' title='bbox 668 3137 832 3175; x_wconf 85' lang='lat' dir='ltr'><strong>concurrere</strong></span> <span class='ocrx_word' id='word_1_235' title='bbox 850 3120 934 3177; x_wconf 78' lang='lat' dir='ltr'><strong>ferro.</strong></span> 
     </span>
     <span class='ocr_line' id='line_1_37' title="bbox 193 3189 816 3260; baseline 0.024 -18"><span class='ocrx_word' id='word_1_236' title='bbox 193 3189 292 3253; x_wconf 74' lang='lat' dir='ltr'><strong>(lausa,</strong></span> <span class='ocrx_word' id='word_1_237' title='bbox 311 3193 386 3260; x_wconf 87' lang='lat' dir='ltr'><strong>quod</strong></span> <span class='ocrx_word' id='word_1_238' title='bbox 404 3196 511 3250; x_wconf 85' lang='lat' dir='ltr'><strong>catilla</strong></span> <span class='ocrx_word' id='word_1_239' title='bbox 528 3204 595 3254; x_wconf 87' lang='lat' dir='ltr'><strong>nata</strong></span> <span class='ocrx_word' id='word_1_240' title='bbox 612 3199 745 3256; x_wconf 84' lang='lat' dir='ltr'><strong>Minerva</strong></span> <span class='ocrx_word' id='word_1_241' title='bbox 762 3201 816 3257; x_wconf 85' lang='lat' dir='ltr'><strong>die.</strong></span> 
     </span>
    </p>
   </div>
   <div class='ocr_carea' id='block_1_4' title="bbox 0 0 1130 3704">
    <p class='ocr_par' dir='ltr' id='par_1_4' title="bbox 0 0 1130 3704">
     <span class='ocr_line' id='line_1_38' title="bbox 0 0 1130 3704; baseline 0 1"><span class='ocrx_word' id='word_1_242' title='bbox 0 0 1130 3704; x_wconf 95' lang='lat' dir='ltr'><strong> </strong></span> 
     </span>
    </p>
   </div>
  </div>
 </body>
</html>
