2252 3706
65 81 122 151 n]
426 77 552 136 11611.

63 226 138 281 Vina
153 230 250 282 tenent
268 225 331 281 alii:
350 225 474 281 libantur
492 225 602 298 singula
618 223 746 282 flammis.

100 309 238 381 Spectant,
257 315 286 364 et
303 308 405 380 linguis
424 307 542 363 eandida
558 308 645 364 turbu
661 309 767 366 favent.

65 391 209 463 Spargitur
225 397 254 446 66
272 409 341 446 61666
359 391 510 446 6611166616
528 389 675 446 Terminus
693 411 780 464 agna;

98 474 159 529 Neo
176 474 311 545 queritur,
330 473 433 528 lactens
453 492 516 528 oum
534 473 587 528 sibi
603 492 687 545 porea
704 475 795 530 datur.

63 555 245 620 Conveniunt,
265 555 461 627 celebrantque
479 556 564 627 dapes
581 556 682 612 vicinia
699 557 824 629 simplex,
861 559 913 616 656

97 639 137 694 Et
154 643 267 694 cantant
284 638 387 702 laudes,
407 637 537 693 Termine
556 643 658 702 sancte,
676 645 747 694 611116,

7 700 27 752 “
60 722 106 778 Tu
121 720 245 794 populos,
264 720 411 792 urbesque,
431 726 460 776 et
477 738 565 792 regna
582 720 707 792 ingentia
724 722 802 778 finis:

98 804 195 859 Omnis
213 803 267 858 erit
285 803 344 858 sine
362 808 391 858 66
408 802 546 874 litigiosus
564 821 638 874 ager.

58 887 148 943 Nulla
163 886 217 941 tibi
234 884 348 940 ambitio
366 891 424 940 estz
443 885 520 940 nullo
538 887 720 959 corrumperis
739 907 815 944 auro.

95 969 232 1042 Legitima
250 985 342 1023 servas
362 967 466 1023 eredita
483 985 551 1022 rura
568 968 633 1023 fide.
858 975 912 1028 660

60 1052 93 1107 si
108 1057 142 1106 tu
159 1052 294 1123 signasses
311 1050 378 1105 olim
396 1049 694 1122 Thyreatidaterram,

95 1133 217 1205 Corpora
233 1151 290 1188 non
306 1132 364 1187 leto
380 1133 467 1188 misse
482 1138 608 1189 trecenta
625 1133 732 1190 forent:

55 1215 88 1271 N
89 1235 120 1271 ee
137 1215 209 1271 soret
227 1214 386 1287 Othryades
404 1215 542 1286 congestis
560 1215 649 1270 leetus
667 1217 698 1270 in
716 1219 808 1273 armis.

94 1297 120 1354 0
139 1303 275 1370 quantum
291 1297 387 1369 patriae
405 1298 548 1369 sanguinis
565 1298 613 1352 ille
631 1298 724 1354 dedit!

55 1379 143 1450 Quid,
161 1397 234 1434 nova
251 1397 313 1434 oum
331 1379 431 1435 fierent
449 1379 605 1452 Capitolia?
624 1399 724 1453 nempe
742 1383 857 1440 deorum

93 1462 201 1518 Cuncta
217 1460 284 1516 Jovi
301 1462 383 1517 cessit
399 1461 490 1526 turba,
508 1463 655 1534 locumque
673 1464 758 1520 dedit.
857 1471 911 1525 666

53 1545 210 1607 Terminus,
229 1549 262 1598 116
279 1551 386 1599 veteres
404 1549 566 1610 memorant,
585 1546 715 1602 inventus
733 1548 763 1602 in
781 1549 839 1606 aede

90 1625 223 1682 Restitit:
243 1632 272 1680 66
288 1644 389 1698 magno
408 1645 471 1682 eum
488 1626 560 1682 Jove
578 1628 683 1701 templa
700 1635 787 1686 tenet.

50 1709 141 1766 Nune
160 1726 278 1780 quoque,
298 1725 327 1763 se
346 1725 430 1781 supra
447 1728 483 1765 ne
501 1710 570 1781 quid
587 1711 642 1765 nisi
660 1711 751 1767 sidera
769 1721 871 1780 6611166,

88 1791 233 1862 Exiguum
250 1791 348 1863 templi
365 1796 440 1847 66666
457 1791 583 1848 foramen
600 1791 712 1849 habent.
856 1798 910 1856 676

7 1891 11 1930 t
50 1874 193 1936 Termine,
212 1878 275 1945 port
292 1873 364 1928 illud
380 1874 478 1930 levitas
496 1875 549 1930 tibi
566 1875 654 1931 libera
671 1895 727 1932 non
745 1884 803 1934 est:

89 1955 156 2025 Qua
172 1957 279 2028 positus
295 1955 382 2011 1116116
400 1956 430 2011 111
448 1958 575 2022 statione,
594 1977 683 2014 mane,

48 2039 82 2096 N
84 2058 116 2094 66
134 2043 167 2093 tu
184 2038 275 2093 vicino
294 2039 442 2111 quiequam
460 2040 579 2096 concede
595 2042 723 2113 roganti;

87 2121 119 2176 N
120 2140 137 2176 e
153 2120 265 2175 videare
281 2121 423 2176 hominem
439 2123 620 2195 praeposuisse
638 2122 659 2177 J
660 2125 712 2179 ovi.

46 2204 92 2260 Et
110 2221 161 2258 seu
178 2202 343 2267 vomeribus,
361 2221 411 2259 seu
428 2210 461 2260 tu
477 2205 623 2277 pulsabere
639 2206 746 2270 rastris,
856 2210 908 2268 676

87 2285 224 2348 Olamato,
237 2285 321 2340 Meus
340 2291 382 2340 est
399 2286 445 2341 hio
462 2305 537 2358 ager,
556 2287 604 2343 ille
622 2294 696 2343 tuus.

44 2368 105 2424 Est
122 2367 177 2430 via,
196 2385 257 2440 quae
276 2367 409 2439 populum
426 2367 580 2425 Laurentes
599 2369 676 2425 ducit
693 2371 723 2426 in
741 2390 830 2444 agros,

86 2449 238 2518 Quondam
255 2448 397 2505 Dardanio
414 2469 503 2523 regua
518 2453 608 2524 petita
625 2452 699 2508 duei.

43 2531 122 2590 Illae
140 2531 258 2603 lanigeri
274 2533 381 2608 peeoris
399 2532 460 2598 tibi,
480 2533 616 2597 Termine,
635 2533 713 2590 fibris

84 2614 173 2670 Saura
189 2613 266 2668 videt
283 2611 345 2669 fieri
363 2621 458 2670 sextus
476 2616 512 2671 ab
530 2615 609 2670 Urbe
626 2615 706 2688 lapis.
853 2621 907 2676 680

41 2696 191 2754 Gentibus
209 2701 252 2750 est
269 2695 330 2751 61116
347 2696 431 2752 tellus
449 2698 515 2752 data
531 2698 621 2754 limite
640 2705 732 2764 eerto;

80 2779 219 2834 Romanae
238 2778 359 2850 spatium
377 2784 419 2835 est
436 2779 523 2836 Urbis
541 2786 571 2836 et
588 2780 662 2836 orbis
680 2781 763 2838 idem.

8 2943 134 3024 >Nune
152 2943 270 2999 dieenda
286 2944 356 3000 mibi
373 2944 460 3018 Regis
478 2945 553 3019 lisga.
590 2945 687 3004 Traxit
705 2948 740 3004 ab
758 2949 807 3008 illa

79 3026 186 3082 Sextus
205 3025 241 3082 ab
259 3033 383 3084 extremo
401 3030 513 3084 nomina
530 3047 624 3085 mense
643 3030 711 3086 dies.

35 3110 157 3167 Ultima
175 3107 343 3181 Tarquinius
361 3109 494 3166 Romana
512 3111 603 3183 gentis
621 3111 742 3169 habebat
851 3121 903 3178 686

75 3191 191 3264 Regna,
209 3191 253 3248 vir
270 3192 400 3264 injustus,
419 3194 499 3249 fortis
518 3194 553 3249 ad
570 3213 647 3250 arma
663 3201 766 3252 tamen.
