2250 3704
81 133 152 204 ru]
446 131 573 188 uram.
901 135 936 190 91

80 280 122 334 At
140 297 230 350 neque
242 276 421 348 Persephone
440 277 525 349 digna
543 283 586 332 est
603 277 733 350 praedone
751 278 860 343 marite,

117 361 146 416 N
148 380 180 416 ec
198 380 283 433 gener
300 361 354 416 hoc
371 360 451 415 nobis
469 379 547 416 more
564 361 705 432 parandus
724 367 793 416 erat.

81 444 159 513 Quid
177 444 287 516 gravius
304 444 410 498 viatore
430 441 513 515 Gyge
532 443 641 515 captiva
658 444 794 508 tulissem,

116 527 209 596 Quam
227 546 308 592 nunc,
327 533 356 582 te
375 526 436 582 aoeli
453 531 563 598 sceptra
580 531 705 591 tenente,
725 527 799 582 tuli?

78 610 189 666 Verum
206 610 318 682 impune
336 609 424 664 ferat:
444 627 495 664 nos
513 609 573 664 haec
591 609 731 680 patiamur
748 611 851 667 inultm.
882 613 935 668 595

13 719 39 762 5
114 696 236 760 Reddat,
256 703 285 752 et
302 695 433 752 emendet
450 696 525 751 faeta
541 695 638 768 priora
655 697 743 752 novis.

77 779 196 851 Jupiter
211 779 284 835 hanc
302 779 380 843 lenit,
400 779 561 850 factumque
579 785 693 835 excusat
711 799 820 846 amore;

116 862 146 918 N
148 882 180 918 ec
197 882 283 935 gener
300 869 343 918 est
360 863 441 918 nobis
459 863 506 917 ille
523 861 681 934 pudendus,
701 863 749 918 ait.

77 945 109 1002 N
110 965 149 1001 on
167 964 219 1018 ego
236 946 364 1001 nobilior.
399 945 496 1000 Posita
514 951 557 1000 est
574 945 643 1000 mihi
660 947 738 1018 regia
756 945 831 1012 celo,

115 1027 246 1084 Possidet
263 1028 333 1084 alter
351 1047 445 1101 aquas,
465 1029 536 1084 alter
554 1029 636 1084 inane
655 1028 757 1084 Chaos.
884 1031 938 1084 600

80 1111 139 1168 Sed
157 1111 183 1167 si
199 1112 271 1167 forte
288 1111 342 1167 tibi
360 1131 417 1168 non
435 1118 479 1168 est
494 1111 629 1167 mutabile
647 1119 755 1184 pectus,

118 1195 236 1266 Statque
255 1196 340 1251 semel
355 1197 446 1267 juncti
465 1214 595 1267 rumpere
613 1194 705 1250 vincla
722 1195 793 1260 tori3

79 1277 147 1332 Hoc
165 1295 277 1349 quoque
294 1283 443 1342 tentemus,
462 1277 600 1350 siquidem
614 1279 714 1350 jejuna
731 1276 881 1343 remansit;

116 1360 169 1416 Sin
187 1361 287 1424 minus,
307 1359 409 1415 inferni
427 1361 554 1433 conjugis
572 1379 643 1416 uxor
661 1361 723 1416 erit.

78 1444 200 1500 Tartara
215 1445 310 1515 jussus
329 1444 387 1498 adit
405 1445 523 1516 sumptis
543 1443 691 1499 Caducifer
709 1443 775 1498 alisi
884 1445 936 1498 605

116 1527 229 1600 Speque
246 1526 321 1582 redit
338 1527 428 1590 citius,
447 1527 562 1598 visaque
581 1533 657 1582 certa
674 1527 769 1582 refert.

76 1610 175 1682 Rapta
193 1609 291 1674 tribus,
311 1609 389 1674 dixit,
409 1610 492 1664 solvit
507 1611 616 1682 jejunia
634 1611 736 1682 granis,

115 1694 226 1750 Punica
244 1711 304 1765 quae
321 1693 399 1748 lento
418 1693 520 1748 cortice
538 1712 622 1765 poma
639 1698 748 1765 tegrmt.

77 1777 172 1833 Haud
189 1796 268 1832 secus
285 1777 412 1840 indoluit,
432 1795 516 1848 quam
534 1777 558 1831 si
576 1777 659 1831 modo
676 1781 758 1848 rapta
775 1776 883 1840 fuisset,

115 1860 221 1915 Maesta
238 1879 338 1932 parens
347 1883 355 1924 ;
373 1859 457 1931 longa
474 1859 575 1931 vixque
593 1859 700 1914 refecta
716 1878 795 1914 mora
812 1866 864 1915 est.
883 1862 938 1915 610

77 1945 177 2015 Atque
196 1944 244 2008 ita,
263 1943 325 1999 Nec
342 1943 422 1998 nobis
441 1942 540 1999 coelum
559 1950 602 1999 est
619 1943 781 2010 habitabile,
802 1944 888 2000 dixit:

116 2026 245 2082 Taenaria
261 2027 347 2098 recipi
364 2046 410 2082 me
428 2045 538 2099 quoque
556 2027 628 2082 valle
644 2027 722 2099 jube.

76 2109 121 2165 Et
140 2109 250 2165 factura
267 2110 338 2174 fuit3
358 2117 456 2182 pactus
474 2111 529 2165 nisi
546 2109 661 2182 Jupiter
678 2114 760 2174 esset,

115 2192 167 2248 Bis
185 2193 276 2248 tribus
294 2199 328 2248 ut
346 2193 413 2248 coelo
431 2193 574 2249 mensibus
592 2193 641 2248 illa
658 2193 740 2248 foret.

75 2275 156 2332 Tum
174 2276 287 2332 demum
304 2275 470 2348 vultumque
490 2276 574 2332 Ceres
593 2277 771 2348 animumque
789 2276 911 2349 recepit3

114 2359 312 2431 Imposuitque
330 2378 386 2414 suae
404 2360 497 2431 spicea
514 2365 590 2414 serta
608 2379 699 2416 eomae.
882 2362 937 2415 616

69 2442 228 2515 Largaque
245 2443 375 2514 provenit
393 2443 506 2498 cessatis
524 2443 622 2498 messis
640 2443 671 2497 iu
689 2442 771 2508 arvis,

117 2525 160 2580 Et
176 2525 224 2580 vix
243 2531 388 2597 congestas
407 2545 472 2581 area
490 2526 563 2598 cepit
581 2544 656 2598 opes.

66 2608 156 2667 Alba
173 2608 274 2663 decent
293 2608 438 2664 Cererem:
457 2615 550 2664 vestes
569 2608 729 2664 Cerealibus
748 2609 826 2664 albas

117 2691 243 2748 Sumite:
263 2711 338 2746 nune
355 2691 426 2764 pulli
442 2691 553 2747 velleris
571 2711 639 2746 usus
657 2691 745 2746 abest.
887 2691 941 2746 620

67 2861 211 2930 Occupat
229 2857 342 2929 Apriles
361 2857 431 2912 Idus
450 2857 613 2928 cognomina
631 2855 731 2912 Victor

13 2939 27 2998 l
115 2941 248 3014 Jupiterz
269 2940 321 2996 hac
338 2941 380 2995 illi
398 2947 464 2996 sunt
482 2940 549 2996 data
566 2941 672 3013 templa
687 2940 740 2996 die.

13 3006 28 3046 ‘
61 3026 148 3086 Hac
165 3042 286 3097 quoque,
305 3025 335 3078 ni
353 3023 443 3088 fallor,
462 3023 565 3096 populo
584 3023 748 3095 dignissima
764 3027 861 3078 nostro

110 3108 201 3165 Atria
218 3107 348 3163 Libertas
367 3107 449 3180 eoepit
466 3106 570 3163 habere
589 3125 647 3161 sua.

58 3265 159 3323 Luce
176 3264 309 3315 secutura
326 3264 403 3314 tutos
420 3264 495 3330 pete,
515 3257 617 3319 navita,
636 3263 750 3326 portus:
889 3258 940 3311 625

107 3342 231 3400 Ventus
250 3342 286 3397 ab
304 3360 404 3398 occasu
422 3342 557 3414 grandine
575 3340 675 3396 mistus
694 3339 755 3393 erit.
