2252 3706
96 59 157 132 n]
463 59 588 118 unser.

99 203 132 259 Si
149 222 212 259 mea
227 222 285 260 non
301 205 383 269 vires,
402 205 452 261 sed
468 203 574 260 bellum
590 205 694 278 injuria
710 206 785 270 fecit,

133 286 239 342 Utilius
258 287 350 343 iuerat
367 304 425 343 non
442 287 571 344 habuisse
588 307 684 344 nurus.

98 367 201 425 Monte
219 369 271 425 sub
288 370 424 442 Esquilio,
442 371 538 426 multis
555 371 696 426 inoaednus
713 372 801 436 annis,

133 451 255 508 «Iunonis
272 471 379 526 magne
396 454 506 509 nomine
523 453 603 509 lucus
620 458 689 510 eret.

99 533 169 590 Huc
186 535 236 590 ubi
251 542 396 600 venerunt,
414 537 520 608 puriter
536 542 685 608 nuptaeque
702 537 810 608 virique

20 649 24 666 ›
137 615 305 690 Suppliciter
320 619 410 691 posito
427 619 599 690 procubuere
618 637 701 691 genu.

99 699 173 756 Gum
191 699 282 755 subito
299 707 381 757 motae
399 708 538 757 tremuere
557 702 698 756 eacumina
716 701 807 774 sylvae,

135 781 177 837 Et
194 782 247 838 dea
263 802 313 855 per
330 783 406 838 luoos
424 784 495 838 mira.
511 783 604 839 locuta
621 803 693 840 snos

97 863 216 921 Italides
233 872 344 930 matres,
362 866 462 938 inquit,
481 885 558 922 saoer
574 867 668 922 hireus
685 867 764 922 inito.

136 947 290 1020 Obstupuit
306 948 392 1005 dubio
409 949 508 1004 territe
524 950 608 1005 turba
626 967 702 1004 sono.

96 1029 201 1102 Augur
217 1037 291 1086 erat:
311 1049 412 1087 nomen
429 1032 520 1104 longis
537 1031 679 1087 intercidit
696 1031 783 1087 annis.

134 1113 236 1186 Nuper
252 1114 287 1169 ab
304 1114 425 1170 Etrusca
441 1121 555 1170 venerat
573 1115 651 1170 exsul
667 1114 761 1170 humo.

97 1195 154 1250 llle
172 1215 286 1268 caprum
302 1203 421 1253 muetat:
438 1199 522 1269 jussae
539 1213 590 1252 sua
606 1203 687 1268 terga
702 1197 808 1252 maritoe

135 1278 259 1335 Pellibus
277 1281 393 1336 exsectis
410 1280 591 1353 percutiende
608 1280 721 1348 dabant.

96 1359 181 1416 Lune
196 1362 356 1418 resumebat
373 1363 479 1419 deeimo
496 1381 569 1418 nova
586 1381 689 1418 cornua
705 1367 793 1425 motu,

135 1443 243 1516 Virque
260 1451 340 1516 pater
357 1446 458 1511 subito,
477 1451 620 1518 nuptaque
638 1451 728 1502 mater
746 1449 814 1499 erat.

98 1525 200 1581 Gratia
217 1526 343 1584 Lueinee:
363 1527 442 1584 dedit
459 1527 517 1584 hee
535 1529 588 1584 tibi
605 1529 718 1584 nomina
734 1527 813 1582 lucus
822 1550 831 1591 ς

134 1608 195 1664 Aut
212 1611 278 1682 quia
294 1612 460 1683 principium
478 1618 518 1676 tu,
538 1611 598 1675 deu,
616 1611 686 1666 lueis
703 1610 797 1665 habes.

98 1691 188 1747 Parce
205 1712 305 1764 preoor
322 1693 453 1766 gravidis,
472 1694 561 1750 facilis
577 1693 692 1757 Lucina,
710 1692 818 1764 puellis,

135 1774 337 1849 Maturumqne
353 1781 435 1832 utero
452 1777 574 1832 molliter
591 1775 659 1832 effer
676 1793 755 1832 onus.

97 1939 172 1995 Orts
189 1939 248 1996 dies
265 1939 366 2008 fuerit;
385 1948 419 1998 tu
436 1942 532 1998 desine
550 1942 662 1998 eredere
679 1941 788 2006 ventis3

134 2022 263 2079 Perdidit
279 2024 354 2079 illius
371 2027 504 2096 temporis
521 2041 591 2080 auru
607 2021 700 2080 fidem.

96 2105 227 2161 Flamina
243 2123 301 2162 non
318 2114 461 2164 constant:
482 2114 511 2164 et
528 2125 577 2163 sex
594 2112 718 2162 reserate
736 2105 833 2161 diebus

136 2187 261 2244 Oaroeris
279 2189 367 2246 AEolii
381 2192 468 2263 janus
484 2191 547 2246 luxa
563 2193 650 2263 patet.

96 2353 166 2409 Jem
183 2351 252 2408 levis
270 2355 382 2427 obliqua
399 2355 519 2411 subsidit
536 2354 676 2427 Aquarius
693 2371 773 2409 urna.
897 2355 950 2408 455

135 2435 283 2492 Proximus
301 2437 428 2493 atherios
446 2439 550 2511 excipe,
568 2437 666 2501 Piscis,
685 2453 779 2508 equos.

98 2518 140 2575 Te
157 2524 314 2574 memorent
332 2520 503 2593 fratremque
520 2526 602 2576 tuum
620 2519 695 2589 (narn
710 2521 809 2591 juncta
825 2516 934 2572 micatis

136 2599 235 2673 Signa)
254 2603 324 2658 duos
341 2608 421 2675 tergo
439 2604 602 2658 sustinuisse
620 2603 695 2657 deos.
879 2659 883 2666 ,

97 2683 264 2740 Terribilem
283 2685 423 2757 quondum
440 2686 550 2758 fugiens
568 2683 706 2759 Typhone
722 2683 823 2748 Dione,

135 2765 214 2822 Tune
232 2785 295 2823 eum
312 2785 364 2840 pro
382 2769 450 2824 ooelo
467 2768 582 2841 Jupiter
599 2784 676 2823 arma
691 2767 766 2832 uniit,
898 2769 954 2822 460

97 2847 189 2905 Venit
206 2849 242 2904 ed
259 2849 426 2922 Euphraten
444 2853 575 2907 eomitete
592 2850 730 2922 Cupidine
746 2867 842 2922 parve,

135 2931 228 3003 Inque
245 2931 399 2989 Palestinoe
416 2936 541 3006 margine
559 2933 632 2990 sedit
649 2949 736 3004 aqua.

98 3013 226 3088 Populus
243 3018 273 3070 et
290 3033 384 3072 oannae
401 3017 526 3090 riparum
543 3035 651 3072 summa
668 3015 817 3070 tenebant:

137 3096 277 3169 Spemque
295 3098 400 3154 dabant
417 3100 523 3164 salices,
541 3100 593 3155 hos
612 3115 722 3171 qnoque
739 3115 820 3170 posse
837 3094 905 3168 tegi.

99 3178 179 3235 Dum
196 3178 274 3244 lutet,
293 3180 417 3237 insonuit
434 3189 519 3238 vento
536 3201 643 3238 nemus.
679 3180 735 3234 Illa
751 3180 852 3234 timore
899 3181 953 3233 465

135 3261 237 3328 Pallet,
256 3268 285 3319 et
302 3263 417 3321 hostiles
436 3265 525 3321 eredit
543 3264 639 3319 adesse
656 3281 765 3318 manus.
