2250 3704
101 89 169 161 11]
462 89 588 146 susm.
917 91 951 149 11

101 233 237 306 Carpendi
254 234 347 289 studio
364 233 510 306 paullatim
527 235 638 307 longius
656 235 730 300 itur3

133 317 173 372 Et
191 318 331 372 dominam
350 336 417 372 casu
433 317 512 372 nulla
529 324 625 372 secuta
645 337 745 373 comes.

101 399 183 456 Hanc
199 400 285 464 videt,
305 406 334 455 et
351 401 440 455 risam
457 405 574 472 patruus
592 400 726 456 velociter
743 400 852 467 aufert;
900 405 952 458 445

133 482 287 555 Regnaque
307 484 431 538 caeruleis
449 484 479 538 in
497 502 548 538 sua
565 489 660 554 portat
679 485 766 555 equis.

100 563 153 620 Illa
171 567 283 637 quidem
301 567 447 630 clamabat,
466 567 509 631 Io,
529 566 671 622 carissima
688 573 787 632 mator,

133 649 270 714 Auferor;
290 650 351 721 ipsa
368 668 433 704 suos
451 649 662 720 abscideratque
681 649 766 704 sinus.

99 731 236 787 Panditur
252 733 360 788 interea
377 732 440 788 Diti
456 733 517 797 via3
535 733 650 804 jamque
668 732 800 788 diurnum

132 814 242 871 Lumen
259 816 394 871 inassueti
409 815 458 870 vix
474 816 621 887 patiuntur
639 816 713 887 eqni.
896 819 953 872 450

98 897 138 953 At
156 898 255 954 chorus
273 899 393 970 aqualis,
413 899 560 953 cumulatis
578 897 646 953 flore
665 898 800 964 canistris,

133 981 319 1054 Persephone,
339 981 468 1045 clamant,
488 981 524 1036 ad
541 987 591 1036 5111
609 981 682 1036 dona
699 983 778 1036 veni!

97 1063 139 1119 Ut
156 1065 275 1120 elamata
292 1065 363 1128 silet,
381 1071 491 1120 montes
508 1064 662 1119 ululatibus
680 1064 807 1135 implent,

132 1147 172 1202 Et
190 1147 295 1202 feriunt
311 1153 408 1202 maesta
425 1153 539 1219 pectora
556 1147 633 1201 nuda
649 1165 742 1201 manu.

96 1230 226 1285 Attonita
244 1237 287 1285 est
305 1230 437 1302 plangore
450 1230 553 1293 Ceres3
572 1229 656 1284 modo
668 1236 783 1285 venerat
801 1229 949 1286 Hennam=

131 1313 161 1368 N
162 1333 193 1369 ec
211 1332 297 1377 mora,
317 1313 367 1368 Me
385 1313 523 1378 miseram,
543 1313 608 1376 filia,
629 1312 707 1376 dixit,
726 1313 775 1367 ubi
793 1313 843 1369 esl
897 1315 951 1368 456

96 1395 205 1452 Mentis
224 1396 304 1468 inops
321 1398 439 1466 rapitur,
459 1395 555 1467 quales
574 1395 670 1450 andue
688 1395 809 1450 solemus

132 1478 274 1534 Threicias
292 1480 380 1551 passis
399 1478 543 1534 Maenadas
561 1479 602 1534 ire
621 1479 716 1534 comis.

53 1585 63 1598 ¹
95 1560 138 1617 Ut
155 1562 244 1617 vitulo
262 1563 352 1634 mugit
370 1581 421 1617 sua
437 1567 528 1617 mater
545 1561 580 1616 ab
597 1561 685 1617 ubere
702 1567 792 1633 rapto,

130 1643 172 1700 nt
192 1645 293 1716 quaerit
311 1645 385 1700 fetus
402 1663 453 1716 per
470 1663 569 1700 nemus
588 1662 670 1699 omne
689 1662 771 1699 suos:
897 1647 951 1700 460

95 1727 143 1783 sic
162 1727 229 1783 dea:
248 1747 300 1783 nec
317 1728 421 1783 retinet
439 1727 567 1798 gemitus,
587 1732 616 1782 et
635 1727 743 1782 concita
761 1745 845 1781 cursu

131 1810 243 1873 Fertur,
264 1816 293 1866 et
311 1830 326 1865 e
344 1811 447 1882 campis
465 1810 571 1882 incipit,
592 1809 705 1874 Henna,
723 1811 789 1865 tuis.

93 1893 168 1949 Inde
186 1893 317 1964 puellaris
335 1899 417 1949 nacta
435 1899 478 1948 est
494 1893 614 1965 vestigia
630 1893 741 1965 plautae,

130 1976 172 2031 Et
189 1995 313 2048 pressam
330 1983 398 2032 noto
416 1977 539 2048 pondere
556 1976 628 2030 vidit
645 1976 772 2031 humum.

92 2059 228 2116 Forsitan
245 2060 294 2114 illa
311 2060 370 2115 dies
389 2060 477 2115 errori
495 2077 603 2115 summa
622 2059 728 2123 fuisset,
899 2062 951 2114 465

132 2142 165 2198 si
182 2161 241 2197 non
258 2143 420 2198 turbassent
438 2143 518 2215 signa
534 2149 646 2214 reperta
663 2161 736 2197 sues.

91 2226 218 2298 Jamque
237 2225 397 2288 Leontinos,
416 2227 617 2297 Amenanaque
635 2225 751 2280 fiumina
769 2243 852 2280 cursu

131 2309 271 2373 Praeterit,
291 2315 320 2364 et
337 2309 420 2381 ripas,
439 2308 564 2378 herbifer
582 2309 642 2372 Aoi,
662 2314 742 2362 tuas:

91 2392 229 2448 Praeterit
247 2398 276 2447 et
294 2392 417 2464 Cyanen,
438 2397 467 2446 et
485 2392 592 2447 fontem
609 2391 679 2446 lenis
698 2389 806 2462 Anapi:

130 2475 171 2530 Et
190 2479 229 2538 te,
248 2475 401 2530 vorticibus
418 2493 476 2529 non
494 2474 621 2530 adeunde
641 2473 720 2529 Gela.
900 2471 955 2529 470

89 2557 233 2630 Liqncrat
251 2556 399 2629 Ortygien,
420 2557 618 2630 Megareaque,
638 2555 867 2627 Pantagienque:

130 2640 252 2712 Quaque
272 2639 444 2712 Symaetheas
463 2641 563 2712 accipit
581 2658 675 2711 aequor
693 2657 792 2710 aquas:

88 2725 244 2794 Antraque
263 2722 426 2794 Cyclopum,
445 2724 543 2794 positis
562 2729 661 2778 exusta
678 2721 802 2785 caminis,

130 2805 245 2877 Quique
263 2805 339 2861 locus
359 2825 449 2862 curvae
466 2807 581 2862 nomina
598 2805 677 2860 falcis
695 2804 796 2859 habet:

88 2889 280 2960 Himeraque,
298 2895 328 2944 et
342 2888 494 2962 Didymen.
510 2890 734 2961 Acragantaque,
748 2887 954 2943 Tauromenon-

130 2989 338 3125 Sacrdiiirirqne
357 3054 455 3110 Melan
471 3072 575 3126 pascua
592 3053 656 3108 laeta
672 3053 766 3108 boum.
904 2969 956 3027 475

86 3137 174 3194 Hinc
189 3135 356 3192 Camerinan
375 3137 442 3202 adit,
456 3137 651 3209 Thapsonque,
662 3142 691 3192 et
705 3135 824 3191 Heloria
837 3134 941 3208 Tempe
953 3167 960 3200 2

129 3220 256 3291 Quaque
274 3225 353 3291 patet
371 3219 504 3293 Zephyro
522 3238 631 3291 semper
649 3225 762 3291 apertus
780 3217 868 3288 Eryx.
