2252 3706
214 111 250 165 28
448 109 480 166 P.
501 109 639 165 OVIDII
656 109 833 168 NASONIS
991 114 1063 186 [Ins.

215 251 323 306 Mensis
342 250 377 306 ab
394 250 438 306 his
457 251 555 316 dictus,
575 257 651 307 secta
668 252 734 324 quia
751 253 823 325 pelle
841 253 965 326 Luperci

251 332 342 388 Omne
361 335 450 390 solum
467 335 596 399 lustrant,
616 335 700 406 idque
717 336 829 407 piamen
846 336 961 394 habent.

214 415 275 470 Aut
292 417 358 487 quia
374 417 490 488 placatis
509 423 575 472 sunt
592 422 720 488 tempora
736 437 808 489 pura
826 420 990 492 sepulchris,

251 497 330 554 Tunc
348 517 411 554 cum
429 498 528 554 ferales
545 501 705 571 prateriera
723 501 791 555 dies.

215 580 307 636 Omne
324 580 411 644 nefas,
430 599 595 652 omnemque
613 582 680 636 mali
696 583 861 654 purgamina
878 603 992 640 causam
1033 589 1063 642 35

251 663 411 719 Credebant
428 664 518 718 nostri
534 664 632 719 tollere
648 683 729 736 posse
748 684 835 720 senes.
1093 697 1112 753 1

215 744 322 801 Gracia
338 746 506 818 principium
523 747 608 801 moris
626 746 688 801 fuit¹
725 747 781 801 Illa
798 753 930 804 nocentes
1111 763 1112 768 ’

250 828 343 900 Impia
359 828 491 883 lustratos
508 847 611 900 ponere
629 829 703 885 facta
718 827 808 901 putat.

214 910 367 966 Actoriden
385 911 494 975 Peleus,
513 912 606 982 ipsum
623 929 733 982 quoque
752 912 837 967 Pelea
854 912 942 970 Phoci

250 993 332 1048 Oaede
348 1012 401 1064 per
417 992 578 1049 Haemonias
596 995 678 1050 solvit
691 994 810 1050 Acastus
829 1014 922 1066 aquas.
1032 1001 1065 1055 40

214 1075 333 1131 Vectem
350 1075 465 1131 frenatis
483 1095 534 1148 per
551 1077 632 1131 inane
651 1077 816 1133 draconibus
834 1077 942 1150 AEgeus

251 1157 387 1212 Oredulus
404 1157 544 1213 immerita
562 1158 683 1213 Phasida
698 1159 774 1230 juvit
791 1178 851 1230 ope.

213 1239 426 1311 Amphiaraides
443 1240 608 1312 Naupactoo
626 1241 756 1306 Acheloo,

252 1321 333 1378 Solve
351 1322 437 1386 nefas,
457 1323 544 1388 dixit;
564 1323 646 1378 solvit
664 1328 693 1378 et
710 1323 757 1378 ille
774 1323 860 1380 nefas.

213 1405 261 1460 Ah
278 1404 395 1460 nimium
412 1405 515 1470 faciles,
534 1406 583 1476 qui
600 1405 692 1460 tristia
709 1407 825 1462 crimina
842 1407 923 1464 cadis
1035 1415 1065 1468 45

249 1487 396 1542 Fluminea
413 1488 474 1542 tolli
491 1506 571 1558 posse
588 1489 694 1559 putetis
712 1491 799 1560 aqua!

215 1569 272 1625 Sed
288 1575 391 1633 tamen,
409 1569 518 1640 antiqui
534 1588 570 1624 ne
587 1570 696 1625 nescius
715 1571 819 1626 ordinis
838 1590 922 1637 erres,

249 1651 369 1716 Primus,
388 1657 421 1707 ut
439 1658 489 1716 est,
509 1651 578 1707 Jani
594 1653 696 1707 mensis
715 1659 744 1707 et
762 1659 827 1709 ante
844 1653 907 1710 fuit.

214 1735 272 1804 Qui
289 1736 416 1806 sequitur
433 1734 455 1789 J
455 1753 546 1798 anum,
565 1735 668 1790 veteris
686 1735 741 1790 fuit
757 1735 873 1790 ultimus
891 1738 968 1794 anni.

250 1817 294 1872 Tu
311 1836 421 1888 quoque
440 1835 589 1880 sacrorum,
609 1816 746 1881 Termine,
765 1817 829 1872 finis
848 1837 917 1873 eras.
1033 1825 1066 1878 50
1111 1865 1112 1872 ,

213 1899 324 1956 Primus
343 1900 417 1954 enim
434 1897 456 1953 J
456 1900 502 1954 ani
518 1899 629 1963 mensis,
648 1900 714 1971 quia
728 1901 816 1971 janua
831 1901 923 1972 prima
941 1908 1003 1972 est;

249 1982 308 2051 Qui
325 2000 403 2036 sacer
419 1987 463 2036 est
480 1982 543 2036 imis
561 1981 704 2046 Manibus,
723 1983 795 2038 imus
813 1989 881 2038 erat.

213 2064 365 2122 Postmodo
383 2063 534 2119 creduntur
552 2064 641 2136 spatio
659 2065 791 2120 distantia
807 2065 891 2138 longo

250 2147 387 2219 Tempora
403 2147 447 2202 bis
465 2145 545 2217 quini
562 2147 736 2202 continuasse
753 2147 815 2203 viri.

214 2300 356 2372 Principio
373 2300 484 2364 mensis,
503 2300 635 2374 Phrygia
654 2301 824 2357 contermina
841 2301 933 2358 Matri
1039 2311 1070 2364 55

251 2382 361 2454 Sospita
379 2382 501 2439 delubris
520 2383 622 2439 dicitur
639 2390 721 2439 aucta
737 2385 824 2439 novis.

213 2466 300 2522 Nunc
316 2466 367 2522 ubi
384 2466 440 2520 sint
457 2466 520 2530 illis,
539 2467 648 2537 quaeris,
667 2473 775 2522 sacrata
792 2466 929 2524 Kalendis

250 2547 365 2621 Templa
383 2548 460 2604 deael>
478 2547 561 2619 longo
578 2549 750 2619 procubuere
769 2548 822 2604 die.

215 2631 323 2687 Gaetera
339 2649 375 2686 no
394 2630 477 2686 simili
494 2630 626 2685 caderent
643 2631 781 2687 labefacta
797 2632 886 2696 ruina,

250 2713 332 2769 Cavit
349 2713 450 2769 sacrati
466 2713 583 2784 provida
600 2731 667 2770 cura
685 2713 778 2769 ducis:
1040 2721 1075 2774 60

216 2795 275 2853 Sub
293 2813 349 2867 quo
367 2796 490 2852 delubris
508 2796 629 2851 sentitur
646 2796 723 2852 nulla
740 2801 875 2852 senectus.

249 2877 279 2933 N
281 2897 312 2932 ec
330 2878 396 2933 satis
415 2884 458 2934 est
474 2877 608 2942 homines,
627 2878 733 2950 obligat
750 2879 797 2936 ille
816 2879 890 2934 deos.

215 2959 393 3030 Templorum
410 2960 526 3031 positor,
544 2958 712 3030 templorum
730 2966 824 3018 sancte
841 2966 980 3032 repostor,

252 3041 295 3097 Sit
313 3042 428 3114 superis,
447 3047 521 3113 opto,
540 3047 640 3097 mutua
656 3061 723 3098 cura
739 3043 791 3097 tui.

215 3123 294 3179 Dent
311 3123 364 3177 tibi
382 3123 513 3185 coelestes,
533 3129 602 3194 quot
618 3130 652 3178 tu
669 3124 833 3188 caelestibus,
853 3143 948 3192 annos,
1044 3133 1078 3187 65

251 3203 363 3276 Proque
380 3209 431 3260 tua
447 3211 578 3262 maneant
595 3205 625 3261 in
643 3206 763 3262 statione
781 3207 872 3263 domo.
