2252 3706
68 128 141 200 m]
426 125 552 182 mem.
880 124 915 184 ιι

67 269 109 325 Ut
124 269 245 324 medium
264 268 354 340 campi
370 268 459 340 passis
477 269 595 339 tetigere
615 269 736 341 capillis3

102 351 138 405 In
155 358 260 406 terrum
277 351 368 422 posito
384 350 559 421 procubuere
577 369 660 421 genu.
861 349 915 405 220

65 431 113 496 Et,
132 433 210 504 quusi
228 433 372 496 sentirent,
391 431 494 486 blundo
512 431 631 486 clamore
648 438 763 504 nepotes

101 515 264 570 Tendebant
281 515 318 569 nd
333 532 400 569 nvos
418 513 533 570 brechia
549 531 636 585 parve
653 533 725 568 suos.

66 595 124 664 Qui
139 602 257 668 poteret,
277 595 414 652 clamabat
432 614 523 659 evum,
542 602 604 650 tum
622 595 741 668 denique
758 596 865 660 visum3

4 713 27 756 ,
100 677 140 734 Et
157 679 207 750 qui
223 680 270 733 vix
285 683 404 750 poteret,
422 683 632 750 pqsse,couctus
650 684 718 732 erat.

65 759 132 814 Tele
148 760 214 815 viris
227 761 389 831 animusque
407 760 511 814 cedunt
519 783 527 824 ;
547 759 702 832 gladiisque
719 759 833 815 remotis
860 761 911 814 225

99 841 177 896 Dent
194 842 282 896 soceri
299 841 416 911 generis,
435 842 638 913 accipiuntque,
658 859 765 896 munus.

64 921 257 995 Luudutesque
275 929 374 978 tenent
390 929 485 978 nctus:
506 929 640 995 scutoque
658 929 788 996 nepotem

99 1005 169 1060 Fert
186 1023 268 1060 evus:
287 1005 333 1060 hie
351 1007 424 1061 scuti
441 1005 548 1060 dulcior
565 1025 632 1061 usus
651 1013 719 1062 erut.

65 1086 139 1142 Inde
156 1087 238 1152 diem,
258 1105 318 1159 quse
335 1088 433 1159 prime,
451 1105 527 1143 meus
546 1089 683 1143 celebrare
701 1088 843 1144 Kalendas

101 1169 245 1224 OEbulides
262 1175 365 1224 matres
382 1187 439 1224 non
456 1170 517 1225 lere
534 1188 636 1224 munus
654 1170 767 1225 hubent.
860 1171 914 1225 200

62 1249 109 1307 An
128 1253 200 1323 quia,
219 1252 354 1307 committi
372 1252 476 1306 strictis
491 1253 671 1307 mucronibus
689 1271 770 1316 eusae,

97 1332 243 1388 Finiemut
259 1333 389 1406 lucrymis
408 1333 516 1389 Martie
530 1334 605 1388 bellu
622 1333 699 1388 suis?

60 1413 125 1478 Vel,
145 1415 219 1486 quod
237 1421 297 1471 erut
314 1415 349 1470 de
366 1434 412 1470 mc
430 1415 549 1470 feliciter
566 1415 622 1470 Ilin
639 1421 737 1479 mater,

96 1496 165 1552 Rite
183 1497 278 1552 colunt
294 1503 397 1553 matres
416 1515 501 1562 mern,
520 1497 650 1569 diemque
667 1497 781 1552 meum?

60 1579 159 1648 Quid?
178 1579 252 1651 qued
263 1580 360 1643 hiems,
373 1579 505 1652 adoperta
516 1579 589 1651 gelu,
602 1599 677 1635 nunc
690 1580 810 1652 denique
823 1579 896 1634 cedit
902 1601 910 1642 ;

95 1660 138 1715 Et
154 1667 272 1732 pereunt
288 1663 369 1717 victae
386 1661 445 1716 sole
460 1667 576 1733 tepente
594 1662 681 1728 nives.
859 1663 913 1717 236

58 1742 218 1798 Arboribus
236 1744 355 1798 redeunt
372 1743 494 1798 detonsis
512 1743 617 1815 frigore
634 1743 763 1808 frondes3

98 1824 248 1897 Uuideqne
266 1843 282 1880 e
299 1831 396 1881 tenero
413 1825 528 1897 palmite
545 1843 655 1897 gemme
671 1831 771 1880 tumet

5 1881 188 1978 Quasque
206 1907 254 1961 diu
271 1907 362 1970 lutuit,
380 1926 463 1970 nune,
483 1925 513 1963 se
531 1926 596 1979 qun
603 1907 709 1962 tollut'
701 1927 731 1962 m
749 1925 839 1971 auras,

94 1988 209 2043 Fertilis
227 1990 374 2044 occultss'
367 1990 473 2044 invenit
491 1989 620 2044 berbs'
593 2008 662 2044 vias.
858 1991 912 2045 240

57 2070 147 2126 Nunc
163 2070 299 2126 fecundus
316 2089 397 2142 eger:
416 2071 523 2142 pecoris
540 2089 615 2125 nunc
633 2071 703 2126 horu
721 2071 847 2126 creandi.

94 2152 182 2208 Nunc
199 2153 257 2208 avis
274 2153 304 2207 in
320 2171 398 2208 ramo
415 2159 491 2209 tectu
507 2152 648 2224 laremque
665 2158 754 2224 paret.

58 2233 200 2306 Tempora
214 2236 279 2306 jure
298 2234 393 2290 colunt
409 2234 497 2290 Latin
514 2233 634 2290 fecunda
650 2241 788 2305 parentes,

95 2316 224 2384 Quarum
241 2317 369 2372 militium
386 2323 506 2388 votaque
524 2322 620 2388 pertus
638 2316 731 2370 habet.

55 2397 151 2461 Adde,
170 2398 246 2470 quod
264 2398 392 2453 excubias
409 2399 459 2453 ubi
476 2417 526 2454 rex
543 2399 686 2453 Romanus
705 2398 814 2468 egebat,
851 2398 911 2453 245

97 2479 170 2548 (Qui
187 2498 262 2535 nunc
280 2479 421 2552 Esquilias
439 2481 553 2536 nomine
570 2480 646 2535 collis
664 2480 770 2548 hebet)

55 2559 122 2616 mic
142 2581 159 2616 s
176 2561 292 2616 nuribus
310 2561 418 2616 Junoni
434 2563 540 2634 temple
555 2562 662 2618 Latinis

90 2642 160 2698 Huc
177 2649 251 2707 suut,
271 2643 295 2698 si
310 2643 434 2708 memini,
453 2645 565 2716 publicu
581 2645 655 2700 facta
673 2644 727 2698 die.

54 2724 135 2792 Quid
153 2741 255 2788 moror,
274 2731 304 2780 et
321 2725 405 2781 variis
423 2731 510 2782 duero
526 2733 576 2782 tna
592 2733 707 2799 pectore
725 2724 835 2780 censis?

88 2806 209 2862 Eminet
226 2812 291 2862 unte
308 2807 411 2871 oculos,
430 2808 506 2879 quod
522 2809 603 2880 petis,
624 2827 687 2863 ecce
704 2813 776 2862 tuos
843 2809 912 2866 ,250

47 2887 153 2944 Mater
170 2895 247 2944 emet
263 2895 380 2984 nuptus·
400 2891 497 2946 metris
515 2909 560 2947 mc
577 2891 662 2946 turbe
678 2890 867 2961 frequentent.

9 2953 33 3032 3
87 2971 162 3034 Haec
179 2989 232 3030 uos
249 2972 388 3045 precipue
405 2978 464 3029 tum
481 2974 528 3045 pie
546 2993 628 3029 ceusu
645 2973 733 3029 decet

48 3058 141 3115 Ferte
160 3057 220 3112 deae
238 3055 335 3111 flores.
355 3055 459 3128 gaudet
476 3055 639 3112 florentibus
657 3055 751 3110 herbis

87 3140 162 3196 Haec
180 3139 249 3196 dee:
272 3138 307 3193 de
324 3143 422 3194 tenero
440 3138 544 3210 cingite
561 3138 629 3194 flore
648 3143 739 3209 eaput.

47 3223 156 3286 Dicite,
177 3219 223 3278 Τιι
240 3220 330 3276 lucem
348 3221 437 3284 nobis,
455 3219 570 3283 Lucina,
589 3219 708 3284 dedisti;
858 3221 911 3274 255

84 3305 195 3368 Dicite,
214 3302 260 3358 Τιι
275 3307 342 3358 vote
359 3302 540 3375 parturientis
558 3301 633 3356 edes.
659 3373 662 3380 Ι
