2252 3706
95 165 161 238 m]
446 169 572 227 susm.
903 175 938 229 cc

93 309 151 366 Jam
162 329 281 385 quoque,
294 333 377 385 quem
389 333 483 370 secum
495 315 626 379 tullerant,
637 314 777 372 defecerat
788 315 850 373 illos
884 319 936 374 665

125 393 227 459 Victus,
247 402 276 452 et
292 397 420 453 humanis
438 398 535 454 usibus
554 404 620 470 apta
637 398 730 454 Ceres.

92 477 157 534 Orta
173 481 339 536 suburbanis
355 481 482 552 quaedam
499 480 554 535 fuit
572 481 655 536 Anna
670 480 794 548 Bovillis,

124 561 238 636 Pauper,
257 564 308 619 sed
323 564 418 618 multae
436 563 592 618 sedulitatis
611 583 689 619 anus.

91 643 149 708 Illa,
165 646 221 702 levi
237 646 322 702 mitra
339 665 421 702 canos
439 646 570 701 redimita
588 646 710 718 capillos,

9 773 41 812 ἢ
123 727 258 800 Fingebat
275 729 395 783 tremula
411 730 517 784 rustica
534 729 592 784 liba
608 747 710 793 mann;
884 729 938 788 670

19 809 24 816 ’
95 810 179 881 lique
196 813 237 866 ita
252 830 304 883 per
320 811 454 883 populum
471 811 608 866 fumantia
624 831 706 867 mane
724 811 832 868 solebat

122 893 261 949 Dividere.
298 893 369 950 Haec
385 893 489 967 populo
508 894 587 966 copia
604 899 685 965 grata
702 893 765 950 fuit.

93 973 157 1032 Pace
175 976 250 1031 domi
266 976 341 1032 facta
358 977 469 1048 signnm
485 994 603 1047 posuere
621 976 764 1042 Perenna,

122 1058 203 1126 Quod
221 1059 273 1114 sibi
291 1059 406 1115 defectis
424 1059 472 1114 illa
489 1059 600 1114 tulisset
618 1077 706 1130 opem.

87 1141 114 1197 N
115 1161 167 1196 une
178 1142 254 1206 mihi,
265 1161 314 1197 cur
326 1146 446 1206 cantent,
459 1147 595 1212 superest,
609 1142 735 1197 obscaena
746 1143 854 1214 puella,
882 1142 934 1201 675

121 1224 235 1279 Dicere:
255 1243 320 1279 nam
338 1229 447 1289 coeunt,
467 1229 597 1295 certaque
615 1224 718 1295 probra
736 1232 848 1280 canunt.

87 1305 185 1378 Nuper
202 1313 262 1362 erat
280 1306 333 1362 dea
349 1306 436 1372 facta3
459 1307 537 1362 venit
556 1306 696 1362 Gradivus
715 1307 751 1361 ed
768 1307 888 1372 Annam,

120 1389 159 1443 Et
177 1407 240 1444 cum
258 1388 372 1444 seducta
389 1390 457 1444 talia
473 1390 560 1445 verba
576 1388 658 1444 facit:

85 1472 185 1526 Mense
203 1490 265 1527 mco
284 1471 397 1537 coleris;
414 1472 497 1543 junxi
514 1489 577 1526 mea
593 1477 721 1542 tempora
737 1475 847 1528 tecum:

120 1556 229 1613 Pendet
246 1558 281 1613 ab
300 1559 387 1614 officio
406 1577 469 1631 spes
486 1558 557 1613 mihi
574 1577 675 1630 magna
692 1563 751 1613 tuo.
886 1562 939 1616 680

84 1640 208 1695 Armifer
225 1641 360 1696 armiferas
379 1647 521 1713 correptus
540 1659 633 1696 amore
651 1641 788 1696 Minerva

118 1722 202 1786 Uror,
220 1729 249 1778 ct
266 1723 319 1778 hoc
336 1724 420 1796 longo
438 1729 563 1794 tempore
579 1723 681 1778 vulnus
700 1723 752 1777 alo.

80 1805 177 1869 Effice,
194 1805 224 1859 dl
241 1805 333 1861 studio
350 1806 453 1861 similer
471 1824 598 1861 coeamus
616 1806 647 1860 in
663 1824 759 1860 unum.

117 1887 295 1943 Conveniunt
312 1894 405 1960 partes
423 1889 466 1943 hae
484 1889 545 1952 tibi,
565 1887 650 1942 comis
669 1907 747 1942 anus.

81 1971 209 2025 Dixerat.
246 1970 302 2026 Illa
319 1970 402 2026 deum
418 1971 556 2042 promisso
573 1970 646 2026 ludit
663 1970 747 2035 inani,
885 1975 938 2029 685

116 2056 159 2111 Et
177 2056 292 2111 stultam
310 2057 396 2112 dubia
414 2076 492 2128 spem
509 2057 597 2111 trahit
614 2075 704 2128 usqne
721 2075 807 2112 mora.

81 2138 190 2210 Saepius
208 2139 331 2203 instanti,
351 2139 490 2194 Mandata
506 2139 673 2210 peregimus,
692 2138 800 2211 inquit;

115 2221 220 2277 Evieta
237 2228 279 2276 est
296 2222 441 2294 precibus:
463 2222 511 2276 vix
529 2221 606 2276 dedit
624 2220 672 2276 illa
688 2240 796 2276 manus.

78 2304 196 2360 Gaudet
213 2323 317 2369 amans,
335 2305 528 2376 thalamosque
546 2309 634 2375 parat.
672 2304 830 2361 Deducitur
848 2305 915 2360 illuc

113 2387 202 2442 Anna
218 2394 316 2459 tegens
333 2387 437 2451 vultus,
457 2393 490 2442 ut
507 2405 579 2442 nova
597 2379 693 2458 nupta,
713 2405 786 2442 suos.
886 2391 940 2444 690

76 2470 187 2526 Oscula
205 2476 346 2524 sumturus
365 2469 458 2524 subito
477 2469 558 2524 Mars
576 2469 695 2541 adspicit
712 2470 840 2535 Annam;

113 2552 205 2608 Nunc
222 2552 312 2623 pudor
330 2552 446 2617 elusum,
466 2571 540 2607 nune
558 2551 634 2606 subit
652 2551 694 2606 ira
712 2550 804 2606 deum.

73 2635 169 2692 Ridet
186 2641 339 2690 amatorem
357 2653 425 2690 carae
443 2653 516 2689 nova
533 2634 598 2689 diva
616 2633 768 2689 Minerva:

111 2717 180 2772 Nec
198 2734 243 2770 res
260 2716 313 2772 hae
330 2716 437 2771 Veneri
455 2717 561 2788 gratior
579 2715 637 2771 ulla
654 2715 717 2770 fuit.

71 2801 154 2856 Inde
170 2799 228 2870 joci
242 2805 350 2854 veteres
368 2799 548 2870 obscaenaque
568 2799 643 2853 dicta
659 2804 814 2854 canuntur:
887 2801 940 2856 695

110 2882 158 2937 Et
173 2883 255 2953 juvat
271 2882 343 2936 hanc
361 2900 463 2953 magno
481 2882 567 2937 verba
585 2881 694 2936 dedisse
715 2881 776 2935 deo.

70 2963 281 3020 Praeteriturus
299 2982 377 3018 cram
394 2963 500 3034 gladios
519 2964 549 3018 in
566 2963 692 3036 principe
710 2962 796 3028 fixos;

1 3080 2 3085 =
111 3047 192 3102 Cum
210 3045 250 3100 sic
267 3064 284 3101 a
302 3045 385 3102 castis
404 3045 494 3101 Vesta
510 3046 605 3101 locuta
622 3045 706 3100 focis:

67 3129 103 3186 N
104 3149 123 3186 e
145 3128 247 3184 dubita
264 3128 439 3184 meminisse:
459 3147 538 3183 mens
556 3127 612 3183 fuit
629 3128 677 3182 illc
696 3125 833 3182 sacerdos.

110 3211 267 3282 Sacrilegae
284 3211 348 3266 telis
366 3230 412 3266 me
429 3211 536 3283 petiere
553 3229 662 3265 manus.
888 3209 942 3268 700

66 3294 149 3368 Ipsa
167 3295 260 3348 virum
277 3293 367 3365 rapui,
387 3294 589 3364 simulacraque
607 3292 683 3346 nuda
699 3290 807 3360 reliqui.

108 3377 189 3446 Qua
208 3375 309 3432 cecidit
326 3376 410 3442 ferro,
430 3376 546 3432 Oasaris
563 3373 664 3430 umbra
681 3372 744 3427 fuit.
