2252 3706
207 79 242 134 48
440 72 474 130 P.
494 71 633 129 0va
651 71 829 129 NASONIS
984 77 1058 148 [Ina.

206 220 304 276 Verba
311 217 429 291 placent,
440 224 542 282 etvox3
556 223 585 272 et
594 216 669 289 quod
678 235 854 290 eorrumpere
862 237 920 275 non
928 226 984 276 est:

243 301 362 374 Quoque
380 301 470 357 minor
488 318 550 372 spes
568 306 619 363 ert,
637 300 691 354 hoc
707 301 796 372 magis
813 302 860 357 ille
879 304 966 375 cupit.

206 383 274 440 Jam
292 384 407 440 dederat
425 388 537 438 cantum
554 382 623 436 lucis
641 385 813 453 praenuntius
833 385 905 448 ales;
1012 387 1059 444 765

243 465 315 522 Cum
331 465 458 521 referunt
472 467 590 536 juvenes
608 464 639 518 in
657 483 708 520 sua
726 471 816 520 castra
832 467 943 538 pedem.

207 548 339 620 Carpitur
356 548 489 602 attonitos
508 547 631 601 absentis
650 547 770 618 imagine
789 566 884 603 sensus

242 630 312 685 Ille:
334 629 493 685 recordanti
509 628 591 700 plura
608 629 752 701 magisque
770 630 888 702 placent,

209 713 255 770 sic
273 712 361 768 sedit:
381 712 420 766 sic
439 711 514 767 culta
532 711 602 767 fuit:
622 711 661 766 sic
679 711 797 766 stamina
813 714 905 768 nevit:

243 794 388 867 Neglectae
406 793 477 850 collo
494 794 534 848 sic
548 795 660 864 jacuere
678 811 780 849 comae:
1012 797 1063 855 770

207 877 271 933 Hos
289 876 388 932 habuit
404 876 515 930 vultus:
535 875 593 931 haec
610 876 652 930 illi
668 876 755 931 verba
770 876 864 932 fuere:

243 959 302 1014 Hic
319 959 410 1023 decor,
428 958 487 1014 haec
505 958 597 1022 facies,
614 958 660 1014 hic
678 958 754 1014 color
771 959 825 1014 oris
844 965 912 1015 erat.

207 1041 251 1098 Ut
267 1042 338 1096 solet
356 1060 373 1096 a
390 1059 490 1111 magno
508 1040 609 1095 fluctus
626 1040 804 1112 languescere
822 1041 906 1107 llatu;

246 1124 303 1179 Sed
320 1129 414 1178 tamen
431 1141 448 1176 a
465 1129 558 1187 vento,
578 1123 628 1194 qui
644 1123 707 1186 11111,
726 1123 801 1178 unda
818 1129 924 1180 tumet:

210 1205 264 1270 Sic,
283 1207 408 1279 quamvis
427 1205 523 1262 aberat
539 1205 647 1277 placitae
665 1206 811 1276 praesentia
828 1206 931 1271 formae,
1013 1209 1065 1266 775

244 1287 337 1356 Quem
354 1287 470 1344 dederat
485 1306 605 1360 praesens
623 1287 719 1352 forma,
738 1289 867 1344 manebat
885 1308 973 1345 amor.

207 1371 314 1434 Ardet;
334 1376 363 1425 et
380 1370 477 1442 injusti
494 1369 613 1426 stimulis
631 1369 751 1440 agitatam
769 1372 868 1425 amoris

244 1452 393 1523 Comparat
410 1453 525 1524 indigno
541 1453 652 1524 vimque
670 1451 819 1525 dolumque
837 1459 907 1508 toro.

208 1533 310 1590 Exitus
328 1535 358 1589 in
375 1533 461 1589 dubio
479 1540 537 1589 est:
558 1533 721 1589 audebimus
739 1534 846 1596 ultima,
866 1535 946 1592 dixit.

242 1616 363 1680 Viderit,
382 1616 515 1672 audentes
533 1617 626 1671 forsne
645 1616 748 1672 deusne
764 1617 853 1689 juvet.
1014 1619 1067 1676 780

209 1699 340 1771 Cepimus
358 1698 487 1754 audendo
505 1698 610 1754 Gabios
629 1716 748 1771 quoque.
785 1699 862 1754 Talia
880 1699 956 1755 fatus

243 1781 320 1837 Ense
337 1781 411 1835 latus
429 1782 524 1852 cingit,
541 1787 675 1853 tergaque
693 1782 794 1853 pressit
812 1783 883 1855 equi.

208 1863 319 1935 Accipit
337 1868 421 1918 aerata
435 1865 567 1936 juvenem
586 1863 705 1918 Collatia
721 1870 810 1936 porta,

245 1945 371 2001 Condere
386 1946 446 2016 jam
463 1947 558 2000 vultus
577 1945 635 2001 sole
653 1953 769 2019 parante
787 1965 859 2001 suos.

209 2029 318 2092 Hostis,
337 2033 370 2083 ut
387 2027 495 2100 hospes,
514 2028 567 2083 init
584 2029 737 2100 penetralia
755 2029 901 2084 Collatinit
1014 2032 1067 2089 785

245 2110 368 2166 Comiter
386 2111 537 2182 excipitur3
557 2111 691 2182 sanguine
706 2112 821 2183 junctim
839 2117 908 2168 erat.

210 2193 356 2262 Quanhrm
374 2193 472 2247 animis
490 2193 591 2248 erroris
609 2193 698 2248 inest!
718 2199 799 2265 parat
817 2195 904 2249 inscia
920 2213 1022 2252 rerum

244 2275 348 2330 Infelix
365 2275 460 2346 epulas
478 2275 606 2331 hostibus
624 2275 673 2331 ills
690 2277 755 2331 suis.

208 2357 335 2414 Famctus
354 2363 414 2412 erat
432 2357 565 2429 dapibus:
587 2364 707 2430 poscunt
725 2377 775 2414 sua
792 2363 919 2431 tempora
936 2361 1039 2418 somni

244 2439 311 2495 Nox
329 2445 396 2503 erat,
416 2445 445 2494 et
462 2446 526 2496 tota
542 2440 648 2495 lumina
665 2441 742 2496 nulla
760 2441 849 2496 domo.
1017 2443 1071 2500 790

210 2521 316 2594 Surgit,
336 2527 365 2579 et
382 2527 511 2578 auratam
528 2523 628 2595 ragina
645 2522 746 2578 liberat
764 2542 872 2580 ensem:

243 2604 285 2660 Et
301 2605 379 2660 venit
395 2605 425 2659 in
442 2604 587 2669 thalamos,
606 2611 694 2678 nupta
711 2605 818 2678 pudica,
837 2611 909 2662 tuos.

208 2685 305 2758 thue
312 2693 405 2742 torum
411 2685 663 2758 pressit5Ferrum,
673 2687 811 2753 Lucretia,
820 2707 930 2744 mecum
938 2696 995 2745 est:

242 2769 345 2832 Natus,
365 2770 412 2834 ait,
430 2771 514 2841 regis,
532 2768 756 2844 Tarquiniusque
774 2789 866 2826 vocor.

208 2849 264 2906 Illa
280 2851 365 2906 nihil:
384 2870 476 2924 neque
494 2852 569 2907 enim
585 2871 683 2909 rocem
700 2855 828 2925 viresque
846 2853 992 2925 loquendi,

243 2932 304 2988 Aut
321 2933 427 3006 aliquid
443 2940 504 2988 toto
522 2941 634 3006 pectore
652 2937 754 2992 mentis
773 2935 867 2990 habet.
1017 2936 1077 2994 796
1108 2927 1116 2978 Ῑ

209 3015 266 3072 Sed
282 3015 387 3080 tremit,
404 3022 438 3070 ut
456 3017 595 3088 quondam
613 3017 730 3074 stabulis
748 3018 885 3090 deprensa
901 3017 1022 3084 relictis,

243 3096 335 3150 Parva
352 3097 404 3150 sub
422 3097 523 3151 infesto
541 3117 605 3152 cum
619 3100 695 3169 jacet
713 3119 785 3172 agna
802 3101 878 3170 lupo.

208 3173 286 3241 Quid
303 3175 406 3228 faciat?
425 3178 551 3245 pugnet?
568 3178 696 3235 vincetur
714 3181 827 3236 foemina
844 3200 947 3253 pugna

244 3253 371 3306 Clamet?
392 3260 422 3306 at
438 3254 469 3306 in
486 3256 591 3322 denua,
611 3261 661 3330 qui
677 3267 765 3326 necet,
786 3263 859 3318 ensis
877 3263 966 3320 adest
1018 3269 1075 3324 θα)
