2252 3706
59 159 126 229 111]
408 155 534 212 51551.
857 159 891 212 51

58 303 109 359 Ter
123 301 205 356 tonuit
223 299 283 355 sine
301 298 375 357 nube
393 298 470 362 deus,
489 299 545 353 tria
562 297 675 369 fulgura
692 300 777 356 misit.

91 385 189 440 Credite
207 381 327 446 dicenti;
347 381 425 445 15115,
445 381 495 436 sed
512 386 574 436 aeta
589 381 696 452 loquor.
839 382 892 440 370

57 468 84 523 A
98 467 178 521 media
194 464 294 520 coelum
310 463 425 534 regione
443 462 586 518 dehiscere
604 464 701 534 eoepit:

91 548 237 603 submisere
255 544 349 600 oculos
367 560 431 599 cum
450 545 520 600 duee
538 544 623 600 turba
639 563 713 600 suos.

55 631 124 686 Ecce
137 629 190 684 levi
207 632 318 684 sentum
335 633 477 682 versatum
493 626 594 681 leniter
611 645 679 682 aure

89 711 199 766 Decidit.
234 710 263 764 A
279 708 382 781 populo
400 707 503 764 clamor
519 708 556 763 ad
572 714 648 766 astra
664 708 749 764 venit.

1 787 29 827 ’
54 793 134 850 Tollit
148 793 230 847 humo
248 809 358 853 munus,
378 808 446 846 casse
462 789 540 862 prius
558 789 605 844 ills
620 791 749 861 juvenca.
839 791 892 850 375

90 875 152 942 Quae
168 873 283 928 dederat
300 871 370 926 nulli
387 872 463 931 colla.
475 871 626 943 premenda
640 873 718 944 jugo.

54 957 139 1028 quue
156 955 242 1010 ancile
259 960 348 1017 vocat,
361 954 437 1025 quod
454 953 489 1008 ab
507 953 584 1008 omni
600 960 680 1024 parte
690 951 816 1010 'recisum
834 962 893 1020 est;

89 1039 199 1108 Quaque
217 1042 297 1092 notes
315 1037 411 1100 oculis,
431 1035 548 1106 angulus
567 1036 654 1092 omnis
673 1037 760 1092 abest.

53 1121 131 1184 Turn,
147 1136 251 1173 memor
268 1117 378 1189 imperii
395 1124 500 1172 sortem
518 1117 666 1174 consistere
684 1119 714 1174 in
731 1119 787 1184 illo,

88 1200 233 1256 Consilium
250 1200 347 1254 multae
365 1199 525 1256 calliditatis
542 1199 604 1254 init.
842 1205 895 1258 380

53 1285 137 1340 Plura
150 1282 231 1352 jubet
247 1281 309 1336 fleri
326 1281 410 1338 simili
427 1281 522 1336 caelata
539 1281 637 1352 figura,

86 1365 171 1420 Error
187 1370 221 1418 ut
238 1369 304 1418 ante
322 1364 415 1419 oeulos
433 1363 590 1418 insidientis
610 1369 663 1418 eat.

49 1446 214 1509 Mamurius,
232 1463 341 1500 morum
359 1445 479 1501 febraene
497 1445 619 1500 exactior
636 1445 712 1508 artis,

85 1528 200 1582 Difficile
219 1533 262 1582 est
279 1527 330 1582 ulli
348 1527 448 1591 dicere,
466 1527 568 1582 cleusit
585 1545 663 1598 opus.

48 1612 104 1667 Oui
121 1609 150 1664 N
151 1629 216 1664 uma
232 1608 387 1673 munificus,
400 1609 483 1664 Facti
499 1615 565 1681 pete
581 1609 703 1680 praemia,
722 1609 807 1666 dixit:
844 1614 895 1668 385

86 1693 117 1748 Si
134 1710 197 1746 mea
214 1696 281 1745 nota
297 1690 377 1755 fides,
395 1691 476 1747 irrita
492 1691 570 1746 nulla
585 1696 673 1762 petes.

46 1774 69 1831 J
69 1793 115 1830 am
136 1773 251 1828 dederat
271 1771 352 1827 Saliis
371 1773 401 1842 (a
417 1773 491 1828 seltu
508 1772 624 1828 nomina
639 1772 755 1841 ducunt)

83 1856 235 1948 Armaque,
255 1860 284 1908 et
301 1853 338 1908 ad
355 1860 444 1910 certos
462 1855 549 1910 verbe
567 1854 692 1910 canende
708 1855 814 1912 modos

24 1937 162 2016 ‚Tum
141 1955 179 1992 sio
197 1935 373 1990 Mamurius·
393 1925 506 1992 Merces
523 1935 592 1990 mihi
609 1936 697 2006 gloria
715 1937 805 2002 detur,

82 2019 113 2074 N
114 2036 263 2089 emmaque
280 2024 404 2073 extremo
422 2018 543 2074 carmine
560 2024 656 2074 nostra
673 2025 780 2074 sonent.
846 2023 900 2076 390

43 2101 120 2156 Inde
140 2098 267 2154 sacerdot
256 2105 297 2154 tes
316 2101 393 2172 operi
409 2100 547 2171 promissa
563 2105 674 2157 15511555

82 2181 205 2237 Praemia
220 2180 391 2252 persolvimt,
411 2181 640 2252 Mamuriumque
657 2187 767 2239 vocant.

41 2265 166 2322 Nubere
185 2263 209 2317 si
227 2263 383 2335 quorcica,
402 2264 528 2335 quamvis
546 2264 730 2334 properabitis
748 2264 838 2328 ambo,

80 2344 192 2401 Differ:
212 2344 316 2399 habent
333 2363 425 2415 parvae
443 2345 587 2400 commoda
603 2363 705 2416 magna
720 2363 812 2401 morae.

41 2429 137 2484 Arma
154 2431 269 2482 movent
286 2445 417 2497 pugnam,
436 2443 531 2498 pugna
547 2432 591 2482 est
609 2427 698 2482 aliena
714 2428 829 2484 maritis.
849 2429 901 2484 395

80 2509 209 2565 Condita
226 2526 289 2563 cum
306 2507 418 2572 fuerint,
437 2509 529 2580 aptius
546 2525 629 2564 omen
646 2508 707 2565 erit.

39 2591 101 2648 His
122 2591 212 2646 etiam
229 2591 329 2660 conjux
347 2590 449 2662 apicati
466 2591 556 2645 cinctu
572 2589 662 2646 Dialis

78 2672 210 2730 Lucibus
228 2673 351 2744 impexae
369 2671 453 2727 debet
469 2671 573 2728 habere
590 2689 691 2728 comas

38 2835 148 2894 Tertia
166 2853 223 2889 nox
241 2853 348 2889 emersa
365 2853 429 2889 suos
447 2834 497 2890 ubi
513 2836 632 2892 moverit
649 2836 736 2906 ignes,

77 2917 226 2973 Conditus
245 2935 260 2970 e
278 2916 396 2987 geminis
414 2915 541 2972 Piscibus
559 2918 631 2974 alter
649 2917 905 2976 5515400

4 3000 69 3097 Ν
70 3019 121 3056 am
144 2999 204 3053 duo
222 3004 305 3054 sunt.
324 2998 437 3055 Austris
454 2999 500 3055 hio
518 3005 580 3063 est,
588 2999 774 3071 Aquilonibus
792 3001 839 3060 ille

4 3053 247 3137 Proximus.
282 3080 311 3136 A
328 3087 413 3135 vento
430 3098 533 3136 nomen
549 3087 668 3153 uterque
686 3088 773 3138 tenet.

35 3163 118 3219 Cum
141 3162 251 3218 croceis
269 3180 365 3218 rorare
382 3163 460 3234 genis
479 3162 612 3220 Tithonia
629 3165 730 3235 conjux

75 3244 221 3318 Creperit,
240 3248 271 3299 et
288 3244 392 3316 quintet
409 3251 537 3316 tempora
554 3245 623 3300 lueis
641 3250 722 3316 eget;
799 3285 811 3300 ..
