2250 3704
164 99 218 154 124
394 97 428 152 r.
447 95 586 152 ovrnn
603 92 781 151 ursonis
934 91 1021 164 [un.

162 240 235 296 Inde
253 246 314 296 sata
331 244 375 296 est
390 239 533 313 Nympho,
553 238 663 295 Cranen
681 237 775 294 dixere
793 237 907 310 priores,

197 323 228 380 N
229 324 393 396 equiequam
409 322 506 378 multis
525 340 596 393 saepe
613 321 704 394 petita
720 320 819 392 procis.

161 405 241 461 Rura
258 406 345 477 sequi,
361 405 516 478 jaculisque
534 404 607 459 feras
626 404 731 475 agitare
750 403 865 467 solebat,

197 488 227 542 N
228 489 382 560 odosasque
400 507 467 544 cava
484 487 599 542 tendere
616 486 689 542 valle
706 486 811 558 plagas.
964 489 1020 542 110

161 570 192 625 N
192 589 230 626 on
246 571 345 626 habuit
362 571 537 643 pharetram
557 568 657 624 Phoebi
674 573 769 624 tamen
787 587 848 624 esse
866 586 993 626 sororem

197 652 364 710 Credebant.
400 653 430 708 N
432 672 462 709 ec
480 658 548 716 erat,
567 651 681 715 Phoebe,
699 651 831 723 pudenda
847 651 908 706 tibi.

162 735 240 792 Huic
258 737 356 809 aliquis
371 738 507 808 juvenum
525 735 641 790 dixisset
658 734 780 790 amantia
796 733 900 800 verba;
996 727 999 742 ’

197 819 346 875 Reddebat
362 819 432 874 tales
449 819 576 890 protinus
594 817 643 872 illa
659 835 756 872 sonos:

162 900 234 957 Haec
244 902 304 957 loca
315 901 384 958 lucis
395 901 501 957 habent
512 900 604 964 nimis,
618 905 647 955 et
659 919 722 955 oum
733 899 796 955 lucc
808 898 930 971 pudoris.
964 901 1020 956 115

200 983 232 1039 Si
248 989 355 1040 secreta
371 984 460 1056 magis
479 983 557 1038 ducis
574 983 604 1037 in
622 987 709 1046 antra,
729 999 838 1054 sequor.

165 1066 303 1122 Credulus
321 1072 402 1122 antra
420 1066 504 1122 subit.
541 1065 671 1120 Frutices
688 1065 746 1119 haec
764 1069 847 1119 nacta
864 1063 980 1129 resistit,

201 1148 242 1205 Et
259 1149 337 1214 latet,
357 1154 386 1204 ct
403 1149 481 1205 nullo
500 1153 543 1204 est
560 1147 727 1204 invenienda
743 1147 813 1202 loco.

164 1231 284 1287 Viderat
300 1231 372 1286 hanc
389 1230 411 1286 J
411 1250 498 1296 anus;
518 1231 638 1303 visaque
656 1229 785 1304 cupidine
804 1235 901 1301 captus

200 1313 247 1368 Ad
266 1315 364 1369 duram
381 1314 473 1370 verbis
490 1313 620 1369 mollibus
637 1331 704 1368 usus
723 1318 792 1367 erat.
967 1314 1028 1368 120

165 1396 301 1469 Nympha
315 1399 398 1470 jubet
415 1397 502 1468 quari
519 1397 554 1451 de
571 1414 648 1451 moro
665 1395 799 1450 remotius
817 1400 947 1461 antrum

201 1479 297 1551 thue
315 1498 405 1535 comes
424 1479 557 1551 sequitur,
577 1479 759 1550 destituitque
778 1478 885 1533 ducem.
1039 1536 1043 1544 ,

166 1561 268 1627 Stulta,
287 1563 365 1618 videt
382 1562 403 1618 J
403 1581 481 1625 anus,
501 1581 563 1634 quae
580 1567 645 1634 post
663 1579 714 1616 sua
730 1566 809 1632 terga
828 1564 971 1632 gerantur.

201 1644 252 1699 Nil
270 1645 337 1718 agis,
356 1647 406 1702 cn!
426 1645 546 1700 latebras
565 1643 679 1717 respicit
696 1643 743 1698 ille
761 1649 833 1698 tiras.

165 1725 218 1782 Nil
236 1729 303 1799 agis,
322 1730 373 1784 cn!
393 1728 459 1784 dixi.
496 1727 572 1782 Nam
589 1733 618 1784 te
637 1727 690 1782 sub
708 1745 777 1798 rupe
794 1726 930 1782 latentem
968 1727 1031 1784 125

200 1809 327 1882 Occupat
343 1810 488 1882 amplexu;
508 1828 611 1882 speque
628 1810 734 1882 potitus
753 1809 807 1864 ait:

168 1893 189 1948 J
189 1911 221 1947 us
239 1912 291 1965 pro
309 1893 458 1949 concubitu
475 1898 571 1948 nostro
589 1892 643 1947 tibi
661 1891 779 1948 cardinis
798 1897 867 1947 esto.

201 1973 267 2056 H⁰.⁰
284 1976 406 2047 pretium
423 1976 520 2047 positae
537 1974 706 2046 virginitatis
724 1973 806 2028 habe.

167 2057 214 2113 Sic
232 2057 315 2123 fatris,
334 2058 451 2130 virgam,
470 2077 526 2130 qua
543 2057 638 2112 tristes
656 2055 760 2128 pellere
777 2059 873 2128 posset

202 2141 229 2194 A
247 2140 353 2196 foribus
371 2159 457 2195 noxas
476 2141 546 2209 (haeo
565 2144 625 2195 erat
643 2138 717 2207 alba)
737 2137 824 2193 dedit.
969 2141 1034 2198 130

167 2222 241 2278 Sunt
259 2223 345 2278 avida
361 2223 488 2278 volucres
497 2247 504 2288 ;
524 2241 581 2278 non
599 2241 660 2293 quoe
678 2221 799 2277 Phineia
815 2219 918 2276 mensis

201 2305 326 2362 Gutture
343 2305 528 2370 fraudabant3
548 2306 599 2360 sed
617 2322 705 2376 genus
723 2304 789 2359 iude
806 2303 932 2358 trahunt.

166 2388 280 2444 Grande
299 2393 392 2460 caput,
412 2393 519 2444 stantes
537 2387 619 2451 oculi,
638 2392 730 2442 rostra
747 2391 813 2459 apta
829 2385 952 2458 rapinae:

203 2471 325 2527 Canities
343 2471 450 2543 pennis,
469 2469 610 2542 unguibus
628 2469 727 2524 hamus
746 2469 827 2523 inest.

168 2553 261 2610 Nocte
278 2555 666 2626 volant‚puerosquepct1mt
683 2552 801 2607 nutricis
818 2555 943 2622 egentes,
976 2557 1042 2614 135

202 2637 242 2692 Et
260 2638 362 2693 vitiant
379 2637 457 2692 cunis
476 2654 592 2708 corpora
608 2641 690 2706 rapta
707 2635 773 2689 suis.

164 2720 286 2792 Carpere
304 2720 437 2776 dicuntur
454 2718 588 2774 lactentia
603 2718 711 2774 viscera
727 2717 836 2782 rostris,

202 2803 242 2859 Et
260 2803 374 2874 plenum
391 2807 459 2874 poto
476 2801 612 2873 sanguine
630 2807 729 2872 guttur
746 2799 861 2856 habent.

167 2884 223 2941 Est
239 2885 294 2940 illis
313 2885 446 2956 strigibus
463 2901 581 2940 nomon:
601 2883 651 2939 sed
668 2883 788 2939 nominis
805 2882 889 2954 hujus

204 2967 316 3030 Caussa,
336 2967 413 3038 quod
430 2966 570 3022 horrenda
588 2965 706 3021 stridere
723 2971 806 3021 nocte
824 2964 922 3019 solent.
977 2970 1050 3030 140

169 3049 234 3103 Sive
252 3049 338 3118 igitur
356 3054 510 3105 nascuntur
528 3067 601 3112 aves,
621 3067 670 3104 seu
689 3047 811 3103 carmine
829 3047 909 3111 liunt,

202 3127 233 3180 N
234 3129 356 3198 aeniaquc
374 3129 404 3182 in
420 3130 547 3185 volucres
566 3130 663 3185 Marsa
680 3129 785 3201 figurat
802 3147 887 3194 anns3

168 3206 205 3259 In
222 3205 358 3261 thalamos
376 3227 477 3264 venere
496 3209 599 3267 Procae.
636 3211 727 3266 Proca
744 3217 829 3266 natm
846 3211 877 3266 in
894 3210 954 3268 illis

204 3284 303 3340 Praeda
320 3305 416 3342 recens
434 3291 528 3345 avium
546 3293 669 3364 quinque
688 3292 787 3349 dicbus
806 3297 874 3350 erat.
