2252 3706
165 45 201 100 lo
396 44 430 100 P.
450 41 589 99 OVIDII
606 41 784 99 NASONIS
942 43 1024 118 [Lan.
1104 84 1106 93 .

165 188 262 260 thue
281 188 345 245 sinu
361 194 459 244 natum
477 187 578 251 tenuit,
600 187 768 253 Succurrite,
786 188 937 262 Nympha,

200 270 241 325 Et
259 271 301 326 dis
319 271 453 326 auxilium
470 270 542 326 ferte
560 269 676 333 duobus,
697 271 746 326 ait.

165 352 196 408 N
198 371 228 408 ec
245 372 339 418 mora;
358 354 495 425 prosiluit.
533 353 628 408 Pisces
646 353 757 410 subiere
776 355 902 426 gemelli;

201 435 257 490 Pro
275 453 331 508 quo
348 455 423 491 nunc
441 437 557 508 dignum
575 435 666 490 sidera
682 454 785 491 munus
802 437 915 492 habent.
966 437 1022 494 470

165 517 238 572 lude
256 518 334 573 nefas
354 518 460 573 ducunt
477 537 566 590 genus
584 518 638 574 hoc
656 519 798 590 imponere
815 520 927 584 mensis,

201 600 231 655 N
233 619 264 656 ec
282 601 387 657 violant
404 601 497 657 timidi
514 601 637 673 piscibus
656 619 705 656 ora
724 600 798 673 Syri.

166 765 296 822 meima
312 767 361 821 lux
378 785 466 821 vaona
483 772 541 821 est:
561 772 591 822 at
608 766 692 822 tertia
709 767 784 823 dicta
802 768 930 836 Quirino.

202 848 260 916 Qui
276 854 354 904 tenet
371 848 425 904 hoc
442 867 551 913 nomen,
571 849 708 906 Romulus
727 855 792 907 ante
810 850 872 904 fuit

167 929 231 986 Sive
249 931 325 1003 quod
341 931 423 986 hasta
440 933 514 986 caris
531 931 628 1004 priscis
647 937 690 987 est
708 933 782 987 dicta
801 931 920 996 Sabinis,
965 933 1019 990 475

201 1013 322 1069 Bellicus
342 1032 359 1069 a
375 1014 432 1069 telo
449 1014 529 1070 venit
547 1014 577 1069 in
595 1019 670 1070 astra
688 1014 772 1078 deus;

167 1095 232 1150 Sive
251 1114 333 1150 suum
350 1097 411 1167 regi
427 1115 530 1151 nomen
548 1115 666 1167 posuere
685 1096 827 1164 Quirites;

203 1177 259 1233 Seu
276 1178 342 1250 quia
358 1177 492 1234 Romanis
507 1180 640 1250 junxerat
657 1179 704 1234 ille
723 1178 818 1235 Cures.

167 1259 244 1315 Nam
260 1267 341 1332 pater
359 1262 537 1334 armipotens,
556 1267 705 1333 postquam
722 1279 794 1316 nova
810 1262 912 1318 moenia
930 1263 1014 1328 vidit,

202 1343 352 1416 Multaque
370 1343 507 1398 Romulea
523 1343 598 1399 bella
614 1350 727 1416 peracta
744 1363 836 1408 manu,
967 1349 1023 1401 leo

165 1423 286 1496 Jupiter,
305 1426 404 1497 inquit,
422 1425 509 1481 habet
525 1425 653 1482 Romana
670 1427 796 1498 potentia
812 1427 901 1483 vires:

203 1506 351 1578 Sanguinis
369 1507 458 1562 officio
475 1526 533 1564 non
551 1513 616 1580 eget
632 1508 681 1563 illa
698 1509 761 1563 mei.

165 1588 264 1645 Redde
281 1589 356 1662 patri
372 1596 489 1647 natum:
509 1591 643 1663 quamvis*
653 1590 796 1646 intercidit
813 1590 892 1656 alter,

201 1672 257 1727 Pro
275 1692 313 1736 se,
331 1691 437 1745 proque
455 1672 553 1737 Remo,
573 1674 623 1745 qui
639 1673 709 1728 mihi
726 1679 821 1736 restat,
841 1673 903 1729 erit.

165 1753 246 1810 Unus
265 1756 326 1819 erit,
345 1775 429 1827 quem
446 1762 480 1810 tn
496 1756 577 1810 tolles
595 1756 625 1810 in
644 1756 744 1811 caemla
761 1756 828 1820 coeli,
966 1760 1019 1814 485

201 1837 246 1892 Tu
262 1837 332 1892 mihi
349 1837 458 1892 dixisti:
478 1838 535 1892 sint
551 1843 614 1892 rata
631 1838 707 1893 dicta
723 1837 812 1893 Jovis.

166 1918 280 1992 Jupiter
297 1925 441 1975 annuerat.
477 1921 560 1976 Nutu
577 1920 757 1976 tremefactus
774 1926 893 1993 uterque

200 2001 254 2057 Est
271 2002 360 2074 polus,
380 2007 408 2058 et
426 2003 487 2059 coeli
503 2003 626 2075 pondera
644 2003 731 2058 sensit
748 2003 837 2058 Atlas.

165 2084 219 2140 Est
236 2084 322 2148 locus,
342 2085 450 2158 antiqui
469 2085 605 2158 capream
624 2086 717 2141 dixere
735 2085 880 2157 paludem

200 2167 287 2222 Forte
304 2168 360 2222 tuis
378 2168 442 2232 illic,
461 2167 590 2232 Romule,
607 2169 674 2240 jura
691 2168 784 2224 dabas.
965 2173 1022 2226 490

165 2248 214 2304 Sol
231 2248 313 2321 fugit,
332 2255 361 2304 et
378 2256 523 2307 removent
541 2251 692 2305 subeuntia
709 2250 806 2304 nubila
823 2249 938 2306 ooelumr

198 2331 239 2387 Ee
257 2331 348 2403 gravis
367 2330 460 2388 effusis
479 2333 583 2389 decidit
600 2332 691 2388 imber
708 2333 796 2404 aquis.

163 2412 240 2470 Hinc
251 2419 339 2478 tonat,
352 2413 417 2469 hinc
428 2415 519 2470 missis
532 2415 708 2487 abrumpitur
719 2415 831 2486 ignibus
843 2414 941 2472 ather.

198 2497 247 2552 Fit
263 2497 339 2570 fuga,
356 2515 407 2554 rex
423 2498 520 2570 patriis
539 2503 615 2554 astra
632 2498 749 2570 petebat
767 2496 854 2568 equis.

161 2578 267 2634 Luctus
285 2586 353 2644 erat,
371 2579 501 2653 falsaque
519 2581 617 2636 Patres
636 2581 666 2635 in
684 2580 798 2635 crimine
817 2579 920 2644 caedis;
965 2585 1020 2637 495

198 2660 388 2734 Haesissetque
406 2663 503 2719 animis
522 2663 641 2718 forsitan
658 2662 707 2717 illa
724 2661 794 2717 fides
803 2685 811 2725 ς

163 2743 220 2800 Sed
237 2743 372 2799 Proculus
390 2744 489 2817 Longa
506 2745 637 2800 veniebat
654 2745 750 2800 Julius
768 2743 860 2808 Alba,

197 2825 332 2898 Lunaque
350 2827 484 2899 fulgebat,
503 2847 555 2883 nec
573 2827 641 2883 facis
659 2846 727 2882 usus
746 2831 822 2882 erat:

162 2908 234 2964 Cum
252 2908 344 2963 subito
361 2915 441 2965 motu
457 2910 546 2966 nubes
565 2928 698 2981 crepuere
716 2909 842 2964 sinistra.

195 2990 319 3047 Rettulit
336 2991 383 3046 ille
401 2992 512 3064 gradus,
531 2992 757 3063 horruerrmtque
776 3009 869 3046 comas.
964 2997 1019 3050 500

160 3073 289 3136 Pulcher,
308 3078 338 3128 et
355 3073 476 3128 humano
494 3076 592 3145 major,
611 3073 763 3146 trabeaque
782 3073 898 3130 decorus

195 3153 332 3208 Romulus
350 3154 380 3207 in
397 3155 489 3208 media
505 3156 581 3210 visus
599 3155 697 3210 adesse
715 3156 777 3220 via3
