2252 3706
210 113 246 168 oo
443 111 476 168 P.
496 111 635 170 ovrnu
652 111 830 169 ursolus
985 117 1060 188 [nt

211 253 303 309 Cordn
320 255 424 310 micent
441 255 524 327 regis,
542 261 659 327 totoque
669 251 697 311 ‘e'
711 264 824 327 pectore
841 257 956 330 sangnis

245 336 341 408 Fugit,
360 342 389 392 et
406 337 520 392 hirsutae
539 337 678 408 diriguere
696 355 789 393 comae.

209 417 252 474 Ut
268 419 352 474 rediit
370 421 486 483 unimus,
499 419 546 474 De
564 426 640 474 certe
656 421 786 492 piamina,
807 421 885 485 dixit,

245 501 391 566 Fulminis,
409 503 529 558 ultorum
546 515 650 574 rerque
667 509 803 575 paterque
821 504 920 570 deiim3

211 583 243 639 si
259 588 309 639 tus
327 585 492 656 contigimus
509 586 638 640 manibus
656 586 772 641 doneris
788 588 881 658 puris3
1013 593 1063 645 335

246 665 311 721 Hoc
329 685 448 738 quoque,
468 667 543 738 quod
560 669 673 739 petitur,
693 669 781 740 sipia
797 670 894 742 lingue
911 677 1002 741 roget.
1083 695 1110 736 w,

210 749 319 804 Annuit
336 750 442 804 oranti:
463 749 513 804 sed
530 767 628 805 verum
645 751 762 822 ambage
779 758 887 807 remote

244 829 370 895 Abdidit,
390 837 419 886 et
438 831 523 887 dubio
540 831 641 886 terruit
659 850 707 887 ore
724 833 826 888 virum.

211 911 292 967 Cede
309 919 400 984 ceput,
420 913 499 968 dixit.
536 913 589 968 Oui
604 932 663 978 rex,
683 915 855 980 Pnrebimus,
875 917 984 988 inquit:

246 993 383 1050 Gaedendu
401 1000 443 1049 est
460 995 549 1050 hortis
568 1002 649 1051 erute
666 1015 734 1068 cepe
750 998 829 1052 meis.
1014 1004 1066 1056 340

210 1075 328 1130 Addidit
345 1077 399 1140 hie,
419 1075 565 1132 Hominis:
590 1094 719 1144 summos,
739 1079 850 1143 titillo,
867 1081 995 1152 capillos.

246 1158 374 1214 Postulat
391 1159 437 1214 hie
455 1160 591 1214 animum
610 1161 655 1215 cui
673 1161 703 1214 N
705 1179 777 1224 nme,
797 1162 893 1225 Piscis,
915 1163 963 1218 eit.

210 1237 300 1305 Risit3
324 1247 360 1305 et,
379 1241 431 1306 his,
449 1241 550 1313 inquit,
570 1242 654 1297 facito
670 1261 733 1298 mes
749 1244 807 1299 telo
823 1262 965 1315 procures,

247 1321 273 1376 Ο
291 1323 335 1378 vir
353 1324 488 1395 colloquio
505 1341 562 1378 non
580 1324 716 1394 abigende
734 1325 832 1381 deum!

212 1404 270 1459 Sed
286 1405 347 1468 tibi,
366 1406 514 1476 protulerit
533 1422 599 1460 eum-
613 1412 706 1461 totum
724 1408 859 1462 crastinus
878 1409 978 1465 orbem
1015 1415 1067 1468 345

247 1485 394 1558 Cynthius,
413 1489 523 1558 imperii
540 1489 658 1560 pignore
676 1494 753 1544 certe
770 1489 850 1544 dubo.

211 1566 299 1632 Dixit,
319 1574 347 1623 et
364 1569 472 1640 ingenti
488 1571 596 1624 tonitru
614 1586 699 1641 super
716 1571 820 1625 aethere
836 1577 945 1627 motum
991 1631 992 1636 ,

246 1650 358 1715 Fertur,
373 1651 534 1722 adorantem
552 1651 735 1724 destituitque
753 1653 884 1708 Numam.

211 1733 265 1789 Ille
282 1734 357 1788 redit
373 1734 461 1798 lotum,
480 1740 672 1805 memoretque
690 1734 847 1803 Quiritibus
866 1742 937 1791 eota.

247 1815 339 1870 Tarde
356 1817 433 1871 venit
450 1817 531 1871 dictis
550 1816 720 1888 difficilisque
739 1816 816 1872 fides.
1015 1823 1073 1877 350

212 1898 253 1953 At
271 1903 346 1952 certe
364 1898 516 1962 credemur,
536 1899 583 1962 ait,
603 1898 627 1952 si
644 1898 731 1954 verbe
747 1905 880 1970 sequntur

246 1979 356 2035 Exitus.
393 1980 440 2035 En
458 1981 522 2035 nudi
541 1981 669 2044 crastino,
690 1981 815 2052 quisquis
833 1981 908 2037 sdes

212 2061 366 2118 Protulerit
383 2063 466 2118 terris
485 2081 547 2117 cum
565 2068 657 2117 totum
675 2063 814 2134 Cynthius
832 2063 937 2128 orbem,

247 2144 361 2217 Jupiter
376 2145 489 2216 imperii
505 2145 624 2216 pignore
638 2150 718 2200 certe
735 2144 821 2199 debit.

212 2225 368 2282 Discedunt
386 2227 472 2290 dubii,
491 2227 681 2298 promissaque
699 2227 781 2280 turdo
797 2226 944 2282 videntur:
1018 2233 1075 2286 355

247 2307 452 2380 Dependetque
469 2308 540 2364 fides
558 2309 720 2364 eveniente
738 2309 792 2362 die.

212 2388 310 2445 Mollis
328 2396 388 2445 eret
405 2391 497 2454 tellus,
516 2396 665 2462 roretsque
682 2409 763 2446 mnne
781 2390 897 2462 pruins3

247 2470 324 2528 Ante
343 2472 387 2527 sui
404 2473 523 2543 populus
540 2472 638 2527 limine
654 2473 728 2544 rogis
747 2471 846 2527 edest.=

212 2553 320 2618 Prodit,
339 2561 369 2610 et
385 2554 414 2608 in
433 2555 501 2609 solio
518 2553 627 2610 medius
646 2554 771 2610 consedit
789 2571 895 2608 acerno.

248 2635 394 2691 Innumeri
412 2636 485 2691 circe
502 2641 633 2708 stentque
651 2637 789 2708 silentque
807 2635 868 2690 viri.
1020 2641 1080 2696 360

213 2718 300 2772 Ortus
319 2724 379 2774 eret
397 2735 505 2773 summo
522 2719 716 2774 tantummodo
733 2717 858 2788 margine
876 2717 1026 2776 Phoebusz

249 2799 378 2855 Sollicitis
395 2806 502 2855 mentes
521 2815 624 2872 speque
642 2807 775 2872 metuque
793 2803 904 2870 pavent.

204 2881 354 2944 'Constitit
374 2887 457 2954 etque
476 2888 560 2953 ceput
576 2884 658 2938 niveo
675 2881 783 2938 velatus
801 2881 905 2936 amictu

248 2962 314 3018 Jam
331 2962 402 3017 bene
421 2963 464 3018 dis
482 2970 563 3020 notas
581 2965 696 3020 sustulit
712 2964 760 3018 ille
777 2979 886 3018 munus.

213 3047 308 3118 Atque
319 3044 367 3106 its,
380 3044 501 3114 Tempus
513 3046 593 3101 adest
604 3046 734 3118 promissi
745 3045 878 3109 muneris,
892 3045 1002 3118 inquit.
1022 3051 1087 3108 365

249 3123 406 3177 Pollicitem
424 3124 513 3188 dictis,
533 3126 654 3197 Jupiter,
675 3127 746 3182 udde
763 3127 858 3181 fidem.

214 3199 292 3252 Dum
308 3200 441 3269 loquitur,
460 3209 552 3259 totum
566 3208 626 3276 jam
644 3209 686 3262 sol
704 3213 854 3261 emerserat
871 3207 982 3275 orbem,

249 3277 290 3332 Et
307 3279 399 3348 gravis
417 3281 531 3338 aetherio
548 3288 627 3341 venit
645 3289 680 3343 rb
699 3306 749 3344 uxo
767 3287 870 3360 fragor.
