2250 3704
64 49 106 121 u]
421 45 546 102 FASTI.
858 51 910 106 109

63 197 141 251 Parte
159 196 253 250 locant
271 194 382 256 clivum,
401 193 450 264 qui
467 199 535 247 tune
554 197 614 248 erat
632 193 720 248 ardua
736 211 830 266 rupes.

91 279 168 335 Utile
187 297 261 333 nunc
279 279 334 332 iter
351 282 402 340 est,
422 275 635 348 Publiciumque
654 283 762 332 vocant.

62 365 158 418 lnnua
175 360 348 418 credideram
365 359 523 432 spectacula
540 360 630 414 facta:
650 362 778 433 negavit=
857 363 910 418 295

91 445 209 500 Addidit
227 450 256 500 et
274 442 355 499 dictis
373 442 462 498 altera
478 442 565 497 rerba
582 444 648 497 suis.

63 529 116 583 Nos
134 545 245 598 quoque
262 526 355 597 tangit
372 525 476 579 honos:
496 524 575 579 festis
594 525 747 596 gaudemus
765 527 877 592 eteris,

94 614 242 686 Turbaque
261 613 385 668 coelestes
405 611 551 667 ambitiosa
569 630 673 667 sumus.

66 698 136 770 Saepe
154 698 220 753 deos
239 697 338 768 aliquis
355 695 495 768 peccando
513 694 579 750 fecit
596 695 715 767 iniquos,

94 782 133 836 Et
149 798 201 853 pro
219 779 327 835 delictis
344 778 435 833 hostia
452 778 556 833 blanda
573 778 637 834 fuit
859 783 913 837 300

66 865 136 936 Saepe
154 863 256 918 Jovem
273 862 341 926 vidi,
359 879 423 916 eum
437 861 497 932 jam
515 879 565 915 sua
582 862 694 917 mittere
711 861 797 920 vellet

95 947 232 1009 Fulmina,
251 945 334 1000 thure
352 945 419 999 date
437 944 600 1000 sustinuisse
618 963 740 1001 manum.

65 1031 98 1086 At
116 1030 140 1086 si
156 1028 332 1101 negligimur,
351 1027 459 1099 magnis
477 1027 580 1099 injuria
597 1028 684 1098 poenis

96 1113 226 1174 Solvitur,
246 1117 276 1166 et
290 1111 399 1182 justum
416 1110 541 1181 praeterit
559 1110 601 1164 ira
617 1110 740 1166 modum.

65 1195 175 1268 Respice
194 1193 379 1258 lbestiedem
398 1191 516 1247 flammis
535 1192 696 1248 absentibus
714 1195 791 1250 arsit.
860 1197 913 1252 305

96 1282 184 1334 Causa
202 1283 254 1340 est,
274 1276 349 1348 quod
367 1275 485 1332 Phoebes
504 1294 553 1330 ara
570 1276 630 1330 sine
648 1277 713 1348 igne
731 1277 793 1333 fuit.

65 1360 177 1434 Respice
195 1359 378 1424 Tantaliden3
398 1359 495 1414 eadem
514 1359 567 1414 dea
584 1359 645 1413 vela
662 1360 784 1416 tenebat.

96 1443 184 1515 Virgo
202 1448 262 1506 est;
282 1447 311 1498 et
328 1448 435 1514 spretos
453 1442 496 1497 bis
515 1448 609 1496 tamen
627 1441 688 1496 ulta
705 1443 789 1500 socos.

66 1525 217 1599 Hippolyte
234 1525 339 1589 infelix,
359 1525 443 1589 velles
463 1525 580 1580 coluisse
598 1525 719 1590 Dionen,

98 1608 167 1663 Cum
184 1608 366 1662 consternatis
386 1607 543 1678 diripereris
562 1607 658 1677 equis!
862 1613 916 1667 310

66 1689 159 1763 Longa
175 1690 281 1746 referre
298 1708 377 1744 mora
394 1695 437 1744 est
455 1696 579 1745 correcta
597 1690 700 1746 oblivia
717 1690 834 1748 demnis.

99 1773 147 1829 Me
165 1791 276 1846 quoque
295 1771 415 1828 Romani
432 1773 591 1844 praeteriere
608 1779 711 1846 patrea.

68 1856 139 1924 Quid
155 1855 298 1912 facerem?
315 1874 366 1928 per
385 1856 460 1927 quod
477 1856 573 1911 fierem
591 1857 739 1913 manifesta
756 1859 881 1915 doloris?

98 1939 246 2012 Exigerem
263 1945 364 1994 nostrae
382 1939 476 2011 qualia
493 1939 594 1994 damna
611 1941 703 1995 notes?

66 2021 174 2078 Excidit
192 2022 311 2078 officium
328 2022 403 2076 tristi
420 2022 497 2077 mihi.
534 2021 623 2077 Nulla
641 2023 741 2079 tuebar
864 2028 917 2082 315

98 2104 183 2170 Rura,
202 2123 254 2160 nec
272 2105 302 2158 in
319 2105 410 2176 pretio
427 2104 527 2160 fertilis
545 2105 644 2160 hortus
663 2113 731 2163 erat.

65 2187 134 2244 Lilia
151 2189 327 2244 deciderant:
347 2187 433 2242 riolas
453 2207 531 2243 arere
548 2188 668 2253 videres,

98 2271 214 2344 Filaque
231 2271 343 2343 punicei
360 2271 495 2342 languida
512 2270 587 2326 secta
605 2273 687 2328 croci.

67 2352 142 2426 Saepe
159 2353 229 2408 mibi
247 2352 402 2424 Zephyrus,
416 2352 505 2406 Dotes
524 2371 701 2424 corrumpere
719 2354 778 2409 noli

99 2435 166 2508 Ipsa
182 2443 255 2500 tuas,
275 2435 360 2490 dixit:
381 2434 431 2490 dos
449 2434 519 2489 mihi
536 2436 599 2490 vilis
618 2443 687 2492 erat.
866 2441 920 2496 320

65 2516 216 2574 Florebant
234 2519 317 2572 oleae:
340 2517 419 2573 venti
435 2536 556 2574 nocuere
574 2520 706 2591 protervi.

100 2599 252 2657 Florebant
271 2607 395 2672 segetem
415 2601 551 2672 grandine
568 2602 634 2657 laesa
652 2602 746 2658 Ceres.

65 2682 102 2737 In
121 2701 168 2756 spe
184 2685 249 2738 vitis
268 2689 344 2747 erat;
364 2684 464 2738 coelum
481 2684 614 2755 nigrescit
632 2685 667 2740 ab
685 2686 806 2751 Austris,

101 2763 141 2820 Et
158 2766 250 2821 subita
267 2765 380 2821 frondes
399 2767 579 2822 decutiuntur
590 2781 677 2842 'aqua

65 2845 128 2902 Nec
145 2849 219 2904 volui
237 2848 307 2912 fieri,
326 2868 378 2904 nec
396 2868 458 2904 sum
476 2849 595 2905 crudelis
614 2851 644 2905 in
661 2850 718 2904 ira:
869 2856 921 2911 325

24 2929 28 2956 l
103 2930 176 2986 Cura
191 2931 349 3004 repellendi
367 2932 418 2987 sed
434 2933 504 2987 mihi
521 2933 598 2988 nulla
616 2933 679 2987 fuit.

63 3011 225 3069 Convenere
243 3019 354 3084 patres:
375 3019 411 3078 et,
431 3015 545 3070 sibene
563 3014 662 3070 floreat
681 3035 780 3081 annus,

102 3094 274 3151 Numinibus
293 3097 395 3152 nostris
414 3115 506 3151 annua
524 3095 596 3152 festa
613 3103 724 3153 vovent.

66 3177 227 3232 Annuimus
245 3183 321 3233 vote.
359 3178 463 3233 Consul
481 3196 545 3234 cum
564 3180 675 3235 consule
693 3179 774 3236 ludos

101 3263 248 3321 Postumio
266 3262 364 3320 Laenas
381 3264 542 3336 persoluere
559 3263 637 3319 mihi.
873 3269 926 3323 330
