2252 3706
199 91 234 144 ia
432 84 466 140 P.
486 82 625 140 ovmn
642 82 820 141 nisenus
973 83 1060 156 [ma.

198 233 254 288 Illa
272 249 355 302 super
373 249 450 286 suras
468 231 593 286 tunicam
611 230 727 286 eolleeta
743 230 901 296 ministrat;
931 236 933 240 ’

234 314 333 369 Altera
350 313 457 369 dissuto
474 317 571 384 peetus
591 317 687 383 aperta
705 311 778 366 sinu.

197 397 312 452 Exserit
329 396 387 452 hac
405 395 568 458 humerum
587 400 694 450 vestem
709 394 798 449 trahit
815 394 863 450 illa
879 413 930 467 per
941 395 1060 460 herbas,

234 479 397 551 Impediunt
414 483 525 532 teneros
543 476 655 532 vincula
671 477 749 532 nulla
766 477 860 548 pedes.
1002 482 1060 535 410

198 561 276 618 Hine
294 561 353 616 aliae
373 560 479 632 Satyris
498 559 626 616 incendia
642 559 722 614 mitia
739 560 882 630 prebent3

234 645 304 700 Pars
322 643 383 708 tibi,
402 643 451 714 qui
468 643 537 714 pinu
554 647 680 713 tempora
697 660 770 698 nexa
787 643 869 715 geris.

198 727 239 784 Te
257 745 376 799 quoque,
395 725 553 780 inextincta
572 724 665 780 Silena
682 724 815 788 libidinis,
833 729 928 780 urunt.

233 809 370 880 Nequitia
387 812 438 870 est,
457 825 519 877 quae
536 811 566 862 te
583 823 641 862 non
658 806 725 861 sinit
743 825 803 862 esse
822 825 924 862 senem.

198 894 239 948 At
256 892 348 953 ruber,
367 890 513 945 hortorum
531 888 615 944 decus
634 894 664 943 et
680 887 777 952 tutela,
796 888 914 960 Priapus
1000 892 1057 946 415

234 973 372 1029 Omnibus
390 989 424 1027 ex
442 972 497 1026 illis
515 971 615 1027 Lotide
634 976 731 1042 eaptus
751 977 819 1026 erat.

197 1056 282 1113 Hane
298 1056 383 1127 eupit,
401 1054 473 1110 hane
491 1059 586 1125 optat:
606 1053 665 1108 sola
681 1053 803 1126 suspirat
820 1053 850 1108 in
867 1053 930 1110 illa=

235 1139 375 1211 Signaque
394 1137 443 1192 dat
460 1143 540 1200 nutu,
561 1135 736 1207 solicitatque
753 1135 837 1192 notis.

197 1223 300 1278 Faetus
319 1221 392 1276 inest
409 1219 542 1290 pulchris,
562 1219 745 1290 sequitmque
767 1218 898 1291 superbia
914 1217 1058 1285 formam

231 1305 351 1360 Irrisum
367 1303 448 1359 vultu
467 1301 584 1373 despicit
600 1301 648 1355 illa
665 1319 724 1356 suo.
1000 1305 1061 1358 420

196 1387 263 1444 Nox
281 1393 355 1443 erat:
376 1391 413 1449 et,
431 1385 498 1440 vino
516 1402 644 1438 somnum
662 1383 789 1447 faciente,
805 1383 937 1453 jacebant

233 1469 357 1540 Corpora
374 1466 491 1522 diversis
508 1466 583 1522 vieta
601 1485 699 1538 sopore
716 1465 793 1522 loeis.

196 1551 275 1608 Lotis
294 1551 323 1604 in
340 1549 467 1612 herbosa,
487 1547 539 1602 sub
557 1549 663 1603 eternis
681 1548 780 1604 ultima
796 1548 891 1613 ramis,

234 1633 313 1688 Sicut
330 1637 390 1686 erat
406 1630 471 1685 lusu
487 1629 560 1686 fessa
578 1631 685 1701 quievit
701 1630 795 1685 humo.

197 1721 294 1792 Surgit
306 1737 416 1782 amans;
437 1718 611 1788 animamque
622 1722 728 1781 tenena,
740 1715 859 1788 vestigia
870 1715 968 1772 tutin
1001 1719 1060 1774 425

233 1802 373 1874 Suspenso
392 1799 485 1870 digitis
504 1799 559 1854 fert
577 1800 718 1854 taciturna
734 1799 833 1870 gradu.

195 1885 238 1941 Ut
255 1884 349 1955 tetigit
366 1882 453 1937 niveae
471 1887 577 1936 secreta
594 1881 697 1936 cubilia
713 1880 743 1937 N
744 1880 869 1953 ymphae=

123 2035 127 2043 Ι
231 1965 299 2038 Ipsa
317 1965 360 2020 sui
376 1963 459 2019 flatus
478 1983 513 2018 ne
532 1969 612 2018 sonet
629 1982 704 2028 aura,
725 1968 812 2019 eavet.

196 2050 236 2106 Et
251 2050 310 2121 jam
327 2047 445 2102 finitima
463 2064 563 2117 eorpus
579 2045 700 2100 librabat
717 2046 747 2100 in
764 2045 866 2101 herba:

231 2131 287 2188 Illa
303 2136 398 2186 tamen
415 2129 497 2184 multi
513 2129 596 2200 plena
614 2129 720 2200 soporis
739 2133 806 2183 erat.
1001 2131 1066 2188 430

197 2213 325 2278 Gaudet;
346 2217 375 2266 et
393 2231 410 2267 a
426 2210 543 2283 pedibus
561 2216 651 2266 traete
668 2210 813 2274 velamine,
830 2215 897 2266 vota
1109 2211 1110 2240 l

231 2295 279 2350 Ad
296 2313 346 2350 sua
363 2293 438 2348 felici
455 2298 574 2365 coeperat
591 2293 632 2348 ire
650 2293 703 2348 via.

196 2377 270 2436 ane
287 2376 390 2432 rudens
408 2394 492 2432 raueo
511 2375 598 2431 Sileni
614 2381 710 2431 vector
727 2375 828 2431 asellus

233 2459 449 2531 Intempestivos
468 2457 556 2514 edidit
572 2476 620 2513 ore
638 2475 728 2514 sonos.

197 2541 307 2600 Territa
314 2558 481 2613 consurgens
489 2539 624 2612 Nympho
634 2540 818 2611 manibusque
827 2538 961 2611 Priapum
1003 2547 1069 2603 435

233 2625 345 2697 Itejieit,
364 2631 393 2680 et
410 2624 519 2695 fugiens
538 2623 658 2678 eoncitat
675 2640 758 2679 omne
775 2641 882 2678 nemus.

197 2707 238 2764 At
256 2707 332 2771 deus,
351 2706 477 2763 obscena
493 2705 611 2760 nimium
629 2723 741 2777 quoque
757 2709 838 2776 parte
854 2708 981 2777 paratus,

233 2789 370 2846 Omnibus
387 2789 424 2844 ad
440 2788 513 2844 luna
530 2788 636 2843 lumina
652 2788 726 2844 risus
743 2793 812 2844 erat.

196 2871 292 2930 Morte
311 2870 387 2926 dedit
404 2889 498 2942 poenae
516 2875 612 2926 auctor
630 2870 771 2926 elamorisi
792 2874 821 2926 et
838 2869 903 2926 bino
920 2873 968 2926 est

231 2952 458 3024 Hellespontiaco
475 2953 588 3008 victima
605 2958 685 3024 grata
703 2953 764 3008 deo.
1005 2959 1070 3018 440

195 3035 313 3092 Intaotae
331 3035 445 3090 fueratis
464 3053 536 3100 aves,
556 3035 654 3090 solatia
670 3036 752 3099 ruris,

230 3116 383 3172 Assuetum
401 3117 494 3186 sylvis,
512 3117 717 3189 innocuumque
736 3135 840 3189 gemm

196 3197 266 3265 Qua
284 3197 374 3252 facitis
392 3198 481 3260 nidos,
500 3216 562 3268 que
580 3199 682 3269 plumis
700 3216 753 3254 ova
770 3199 879 3265 fovetis,

230 3277 272 3334 Et
289 3277 364 3336 facili
381 3277 476 3335 dulees
494 3279 577 3336 editis
595 3298 642 3338 ore
659 3280 765 3338 modos.
