2250 3704
77 197 126 268 V.]
438 195 565 253 FASTI.
875 199 927 254 105

75 343 146 399 Bina
164 343 345 416 gemellorum
362 343 520 415 quaerebam
539 344 618 415 signa
636 343 760 409 deorum,

108 427 227 482 Viribus
245 445 354 482 annosae
371 426 446 482 facta
463 427 567 482 caduca
583 445 681 482 moue:

75 509 156 565 Mille
173 509 268 574 Iar-es,
286 509 462 581 Geniumque
481 509 567 574 ducis,
581 510 630 580 qui
647 509 764 564 tradidit
781 509 851 574 illos,
872 511 925 565 145

107 593 185 648 Urbs
203 593 303 658 hebet3
326 597 355 648 et
372 593 427 648 rici
443 593 559 647 numina
575 593 650 648 trina
667 592 770 648 colunt.

76 675 139 743 Quo
156 675 252 730 seror?
269 676 414 747 Augamtrss
432 675 534 730 mensis
551 675 621 730 mihi
638 675 766 730 carminis
783 675 869 747 hujus

22 781 41 818 5
108 757 129 813 J
129 777 163 812 us
181 758 267 814 dabit.
303 757 417 813 Interea
434 757 508 812 Diva
526 757 649 813 canenda
666 757 746 813 Bona
763 764 814 814 est.

73 840 126 896 Est
143 842 230 896 moles
248 841 357 896 nausa:
381 841 443 896 loeo
459 859 505 895 res
522 840 634 896 nomine
651 840 726 896 fecit.

107 924 260 996 Appellnnt
277 942 388 979 saxum:
407 941 472 994 pars
489 923 563 978 bona
580 925 682 980 montis
700 943 733 978 55
750 928 802 979 est.
872 926 926 980 150

74 1005 150 1062 Huic
168 1007 274 1062 Remus
291 1007 433 1062 institeret
450 1005 562 1070 frustra,
581 1025 637 1078 quo
654 1013 779 1080 tempore
796 1006 878 1062 fratri

105 1090 204 1145 Prima
221 1090 354 1144 Palatinae
372 1089 452 1161 signs
469 1088 585 1143 dedistis
603 1108 675 1144 aves.

73 1172 187 1245 Templa
204 1172 303 1228 Patres
320 1172 386 1236 illic,
404 1172 497 1227 oeulos
516 1190 599 1227 exose
615 1172 717 1237 viriles,

105 1256 223 1312 Leniter
239 1256 336 1311 acclivi
353 1254 522 1310 constituere
536 1255 615 1327 jugo.

71 1337 191 1394 Dedicat
207 1339 267 1394 hec
282 1338 385 1394 veteris
403 1337 567 1393 Clausorum
584 1337 702 1394 nominis
720 1338 816 1404 heres,
871 1341 923 1394 155

104 1422 243 1494 Virgineo
260 1421 369 1476 nullum
386 1438 500 1494 corpore
517 1439 599 1492 55555
615 1421 716 1476 virum.

68 1505 150 1560 Livia
166 1504 307 1568 restituit;
326 1523 362 1559 ne
379 1522 436 1559 non
453 1504 562 1560 imitata
579 1505 711 1560 maritum

103 1589 198 1653 Esset,
217 1592 247 1643 et
264 1607 299 1643 ex
316 1587 391 1643 omni
407 1593 487 1659 parte
506 1593 601 1643 secuta
617 1589 717 1643 virum.

65 1757 186 1814 Postera
203 1776 267 1814 cum
283 1777 391 1814 roseam
407 1759 496 1830 pulsis
514 1757 686 1832 Hyperionis
703 1759 786 1814 astris

103 1841 141 1896 In
157 1842 303 1897 matutinis
320 1841 448 1914 lampada
464 1842 539 1898 tollit
557 1843 650 1914 equis:
869 1844 924 1897 160

22 1981 25 2007 b
65 1924 201 1996 Frigidus
218 1926 352 1996 Argestes
370 1944 490 1980 summas
508 1925 641 1980 mulcebit
659 1925 766 1990 aristas,

103 2008 285 2080 Candidaque
303 2027 320 2063 a
338 2008 463 2064 Calabris
480 2009 543 2063 vele
560 2008 701 2064 dabuntur
719 2009 806 2082 aquis.

63 2091 107 2146 Aa
126 2092 210 2147 simul
228 2091 364 2147 inducunt
381 2091 499 2146 obscura
516 2092 677 2162 crepuscula
694 2098 813 2157 noctem,

101 2175 173 2230 Pars
191 2173 329 2246 Hyadum
345 2180 409 2230 toto
426 2174 461 2230 de
479 2193 564 2245 grege
581 2174 659 2229 nulla
675 2175 754 2230 latet.

64 2257 128 2313 Ora
143 2258 249 2313 micant
267 2257 352 2312 Tauri
370 2264 476 2329 septem
493 2257 631 2312 radiantia
648 2257 774 2322 flammis,
868 2260 920 2313 165

99 2341 209 2396 Navita
226 2358 296 2413 quas
314 2339 431 2412 Hyadas
450 2339 552 2396 Graius
570 2340 606 2396 ab
623 2341 712 2396 imbre
730 2346 818 2396 vocat.

61 2423 137 2479 Pars
156 2423 300 2479 Bacchum
316 2424 436 2478 nutrisse
454 2427 551 2494 putat:
569 2442 634 2494 pars
653 2423 771 2478 credidit
789 2443 849 2479 esse

97 2505 227 2578 Tethyos
244 2507 295 2560 has
312 2512 418 2578 neptes,
438 2506 598 2578 Oceanique
616 2507 699 2562 senis.

59 2589 202 2645 Nondum
221 2589 314 2644 stabat
331 2589 420 2653 Atlas,
439 2589 569 2644 humeros
587 2595 716 2644 oneratam
735 2589 866 2662 Olympo,

96 2673 174 2730 cnm
192 2678 270 2728 setus
289 2677 332 2726 555
348 2672 438 2727 forma
455 2671 665 2744 conspiciendus
683 2671 775 2744 Hyas.
868 2672 922 2729 170

57 2755 153 2811 Hunc
171 2755 255 2828 stirps'
274 2755 379 2810 Oceani
396 2755 513 2810 maturis
531 2755 637 2810 nisibus
655 2755 759 2810 AEthra

92 2839 209 2902 Edidit,
228 2843 257 2893 et
274 2837 304 2892 N
305 2839 439 2910 ymphas;
459 2837 509 2892 sed
526 2838 602 2910 prior
618 2844 697 2893 ortus
716 2837 807 2909 Hyas.

23 2987 24 3002 χ
52 2925 144 2980 Dum
160 2939 234 2976 nors
250 2920 361 2993 lanugo,
380 2921 495 2992 pavidos
514 2921 661 2976 formidine
680 2937 775 2976 cervos

23 3015 34 3042 ³
92 3005 208 3069 Terret,
227 3009 257 3059 et
274 3009 318 3058 est
335 3003 376 3058 illi
392 3004 487 3076 prada
504 3004 625 3076 benigna
641 3004 730 3076 lepus.

22 3045 95 3148 'Aa
116 3093 271 3161 postquam
288 3087 378 3142 virtus
397 3087 476 3142 annis
495 3087 625 3152 adolevit,
644 3088 674 3142 in
692 3105 773 3158 apros
868 3087 920 3145 175

87 3171 203 3235 Audet,
223 3175 253 3225 55
269 3169 391 3225 hirsutas
410 3170 533 3225 cominus
550 3171 591 3225 ire
608 3170 690 3226 feras.

50 3257 199 3326 Dumque
216 3253 290 3324 petit
306 3254 428 3309 latebras
445 3252 510 3308 fetoe
528 3253 689 3324 catulosque
706 3252 807 3317 leaenae,

88 3341 167 3414 Ipse
185 3335 242 3392 fuit
259 3335 372 3412 Libycae
390 3336 484 3409 praede
502 3341 617 3392 cruenta
633 3336 707 3392 ferae.
