2250 3704
89 30 159 102 iu]
451 33 577 92 unsri.
602 21 605 26 ’
910 49 945 100 99

89 175 148 243 Qui
165 176 238 248 petis
256 178 398 242 auxilium,
417 197 475 234 non
491 180 608 252 grandia
626 181 719 238 divide
737 203 846 240 meeum

123 259 251 325 Praemia,
271 261 306 318 de
322 261 438 318 laeubus
455 263 582 334 proxima
598 271 691 322 musta
707 267 773 322 tuis.

86 341 178 398 Nulla
187 361 266 399 mora
277 349 321 400 est
331 363 429 417 operae.
461 345 596 403 Vestrum
612 348 944 414 dare,vineerenostrum

196 431 247 481 est.
440 473 444 483 .

124 509 219 577 Quam
235 509 304 564 velit
321 509 425 566 AEneas
439 511 498 572 ,1111
518 516 621 584 negata
638 513 722 570 milii!
890 522 944 575 890

84 592 256 648 Annuerant
272 592 387 648 Rutuli:
408 593 566 652 Mezentius
584 596 677 651 induit
694 616 785 654 mma:

13 665 32 704 ⁵
123 674 225 730 Induit
242 675 364 741 AEneas;
383 676 589 750 alloquiturque
607 678 629 734 J
629 697 717 735 ovem.

84 757 210 813 Hostias
227 758 372 830 Tyrrheno
390 765 456 815 vota
473 766 516 815 est
532 761 672 818 vindemia
689 764 764 834 regi:

122 841 246 913 Jupiter,
265 861 281 898 e
298 841 380 898 latio
397 842 513 914 palmite
530 849 623 899 musta
640 844 721 900 feras.

82 923 164 979 Vota
181 924 276 980 valent
292 925 422 989 meliora3
442 925 517 982 eadit
535 925 694 982 Mezentius
712 929 820 1002 ingens,
887 935 942 988 895

120 1008 219 1079 Atque
236 1008 394 1080 indignanti
410 1015 522 1080 pectore
539 1009 648 1081 plangit
665 1011 790 1070 humum.

81 1090 212 1146 Venerat
229 1091 404 1150 Auetumnus
422 1091 533 1146 calcatis
550 1093 680 1150 sordidus
699 1095 776 1150 uuis:

119 1173 292 1228 Redduntur
308 1175 408 1230 merito
426 1175 521 1230 debita
538 1174 603 1230 vina
617 1175 639 1230 J
639 1177 693 1231 ovi.

81 1257 172 1312 Dicta
189 1256 248 1311 dies
265 1256 330 1312 bine
348 1263 392 1312 est
408 1256 530 1315 Vinalia.
567 1257 682 1330 Jupiter
699 1259 776 1322 illam

119 1339 264 1404 Vindicat,
283 1345 313 1396 et
329 1340 408 1396 festis
425 1341 530 1412 gaudet
547 1341 637 1396 inesse
655 1341 721 1399 suis.
889 1348 942 1400 900

81 1505 141 1561 Sex
158 1504 217 1568 ubi,
231 1523 297 1576 qnae
314 1509 430 1568 restant,
449 1503 524 1559 luces
542 1503 648 1576 Aprilis
665 1504 790 1572 habebit,

117 1589 156 1643 In
175 1587 267 1643 medio
285 1606 369 1644 eumn
385 1592 511 1658 tempora
528 1587 601 1642 varis
620 1593 718 1644 erunt:

78 1671 122 1727 Et
139 1671 247 1726 frustra
263 1669 399 1742 pecudem
417 1687 522 1740 quares
539 1669 756 1727 Athamantidos
775 1670 889 1726 Helles:

116 1754 261 1825 Signaque
279 1752 349 1809 dant
365 1752 483 1808 imbres:
507 1753 684 1824 exoriturque
704 1752 796 1810 Oanis.

78 1837 146 1893 Hae
165 1836 235 1890 mibi
251 1834 394 1890 Nomento
412 1835 532 1889 Romam
550 1853 617 1890 eum,
630 1835 692 1890 luce
710 1835 838 1901 redirem,
885 1840 937 1893 905

114 1919 238 1975 Obstitit
255 1919 285 1973 in
302 1917 395 1972 media
411 1916 529 1974 eandida
546 1935 648 1988 pompa
665 1918 718 1972 via.

75 2002 200 2059 Flamen
218 2002 248 2056 in
263 2001 385 2072 antiquas
401 1999 496 2056 lueum
513 1999 660 2071 Robiginis
678 2001 746 2067 ibat,

112 2086 194 2142 Exta
211 2084 286 2142 oanis
303 2082 430 2146 fiammis,
450 2087 514 2138 exta
531 2082 647 2140 daturus
666 2085 734 2139 ovis.

74 2169 215 2225 Protinus
233 2167 342 2229 aeeessi,
360 2166 432 2224 ritus
451 2184 485 2220 ne
503 2166 611 2222 nescius
630 2185 727 2221 essem.

111 2250 216 2307 Edidit
233 2250 292 2310 haee
310 2249 427 2304 Flamen
444 2248 537 2312 verba,
558 2247 684 2316 Quirine,
704 2255 785 2306 tuus:
882 2253 936 2306 910

71 2336 189 2408 Aspera
205 2332 325 2404 Robigo,
343 2350 439 2403 pareas
458 2330 618 2387 Cerealibus
636 2332 730 2386 herbis
739 2356 747 2396 ;

108 2418 154 2473 Et
173 2420 276 2472 namet
293 2416 323 2470 in
340 2431 449 2471 summa
464 2413 532 2470 laeve
549 2432 681 2470 eanumen
697 2414 792 2470 humo.

71 2501 118 2558 Tu
139 2504 203 2554 sata
219 2497 355 2554 sideribus
373 2497 435 2552 eoali
451 2497 558 2552 nutrita
575 2496 689 2552 secundi

109 2584 255 2644 Oreseere,
274 2581 342 2636 dum
359 2579 428 2634 fient
445 2579 562 2636 laleibus
580 2585 654 2651 apta,
670 2579 754 2634 sinas.

68 2667 127 2723 Vis
148 2671 201 2720 tua
216 2681 274 2718 non
290 2662 360 2718 levis
378 2668 429 2718 est.
467 2661 536 2730 Quae
549 2668 582 2716 tu
592 2661 734 2717 fmmenta
745 2663 857 2728 notasti,
880 2666 932 2720 915

107 2748 234 2804 Moestus
251 2746 282 2802 in
299 2745 406 2802 amissis
424 2745 473 2800 illa
491 2744 604 2800 eolonus
622 2743 716 2800 habet.

13 2879 14 2882 ,
67 2831 102 2890 N
102 2851 138 2888 ee
157 2829 236 2892 venti
252 2833 363 2886 tantum
382 2827 477 2883 Cereri
493 2845 621 2889 noouere,
640 2845 691 2882 nee
709 2827 811 2885 imbres
821 2853 828 2892 ;

13 2921 23 2998 ᾗ
106 2914 142 2970 N
143 2931 178 2968 ee
196 2912 234 2967 sie
251 2929 407 2966 marmoreo
424 2910 510 2982 pallet
528 2911 628 2966 adusta
646 2909 727 2980 gelu3

66 3001 232 3070 Quantum,
252 2993 275 3048 si
293 2993 397 3049 eulmos
415 2992 498 3048 Titan
519 2991 659 3047 inoalfaeit
675 2992 755 3047 udos.

104 3079 187 3136 Tum
204 3076 281 3131 loeus
299 3081 343 3130 est
360 3076 416 3140 irae,
436 3076 501 3131 diva
521 3074 654 3138 timenda,
673 3079 738 3129 tuae.
881 3077 935 3130 920

64 3167 166 3222 Parce
185 3176 292 3231 preeor,
312 3157 477 3230 scabrasque
495 3175 594 3212 manus
613 3175 630 3211 1
646 3155 784 3212 messibus
802 3155 897 3223 aufer3

102 3246 196 3302 Neve
213 3258 283 3296 noea
301 3240 398 3296 onltis:
418 3258 499 3313 posse
516 3257 616 3294 nocere
634 3243 677 3293 111
695 3241 747 3375 es?
777 3319 794 3372 2
