2252 3706
178 93 213 148 68
411 87 445 144 Ρ.
465 86 604 143 OVIDII
620 86 798 144 NASONIS
955 85 1035 159 [Ins.

176 232 273 304 thue
292 233 405 288 domum
422 231 539 288 intravit
557 231 656 304 Tyrios
675 231 774 286 indute
791 235 916 304 perotus,

213 315 318 387 Incipit
336 314 458 378 AEnecs;
478 319 578 368 caetere
595 313 679 368 turbe
697 313 776 369 silet:

179 396 264 453 Hane
281 397 334 452 tibi
353 415 403 451 our
420 395 538 460 tredm,
557 396 604 467 pis
622 413 713 458 censa,
733 395 849 452 Lavinis
867 396 979 468 conjnx,

213 479 268 534 Est
285 478 370 534 mihi:
394 477 532 533 consumsi
550 477 701 549 naufragus
719 478 805 550 hujus
823 497 898 551 opes.
985 481 1037 534 630

179 561 251 617 Orto
269 561 352 633 Pyre,
370 579 490 633 regnum
507 559 614 632 Libyca
631 560 756 632 possedit
773 562 803 615 in
821 579 884 616 ore:

215 644 308 713 Quem
325 662 425 715 precor
442 648 475 697 ut
493 661 563 698 cerae
581 660 659 698 more
677 643 779 698 sororis
797 661 881 699 emes.
1080 682 1103 716 ἲ

180 726 283 783 Omnis
300 725 447 798 promittit,
466 725 623 797 falsumque
641 724 759 780 Lavinis
776 726 877 780 vulnus

216 809 317 864 Mente
334 808 437 879 premit
453 809 547 871 tacite,
567 808 778 880 dissimulatque
796 814 895 863 metus.

182 891 320 962 Donaque
339 907 402 945 eum
420 889 515 944 videet
533 896 635 961 prester
653 909 703 944 sun
720 889 827 944 lumine
842 890 909 944 ferri
985 893 1038 947 635

218 973 314 1028 Mults
330 972 438 1044 pelem;
457 972 532 1027 mitti
551 973 622 1028 clem
640 991 752 1044 quoque
770 973 858 1027 multe
875 976 966 1044 putat.

180 1054 250 1111 Non
267 1060 363 1110 temen
381 1060 517 1118 exectum,
537 1055 606 1126 quid
623 1061 697 1126 eget.
734 1053 886 1109 Furieliter
903 1054 973 1119 odit,

217 1137 257 1193 Et
275 1142 355 1209 paret
373 1136 496 1200 insidias,
516 1143 546 1192 et
564 1137 641 1209 cupit
659 1137 720 1191 ulto
736 1137 816 1191 mori.
884 1183 885 1186 ,

180 1220 247 1276 Nox
265 1226 339 1275 eret:
360 1225 424 1274 ente
442 1224 537 1274 torum
554 1219 615 1274 visa
632 1225 676 1274 est
694 1219 804 1275 adstare
822 1218 924 1274 sororis

219 1302 364 1375 Squalenti
381 1301 456 1357 Dido
475 1302 689 1374 sanguinolenta
706 1319 799 1366 come;
987 1306 1042 1358 640

180 1385 229 1448 Ε6,
248 1384 337 1456 Fuge,
357 1403 393 1439 ne
412 1384 518 1447 dubito,
537 1389 665 1439 maestum
683 1384 758 1456 fuge,
778 1384 878 1447 dicere,
897 1389 1016 1441 tectum.

218 1465 277 1521 Sub
295 1467 413 1521 verbum
431 1466 561 1537 querulas
580 1465 692 1538 impulit
710 1465 877 1521 cursiones.

181 1547 301 1614 Exsilit;
321 1553 350 1602 et
367 1547 449 1602 velox
465 1547 565 1602 humili
583 1566 667 1620 super
685 1567 751 1602 ervo
767 1547 890 1604 fenestra

219 1630 256 1686 Se
271 1631 349 1702 jecit.
385 1630 529 1686 Audacem
547 1629 652 1686 feceret
669 1631 729 1702 ipso
747 1631 839 1685 timor.

184 1714 304 1786 Quoque
321 1719 401 1769 metu
418 1713 535 1785 rapitur,
554 1712 650 1768 tunice
666 1713 758 1769 velate
775 1714 897 1769 recincta
988 1717 1041 1770 645

219 1796 323 1860 Currit,
342 1801 375 1850 ut
393 1796 495 1851 cuditis
513 1796 613 1851 territe
630 1796 712 1851 deme
728 1796 810 1868 lupis.

183 1878 320 1950 Corniger
337 1877 410 1934 hunc
428 1878 536 1950 cupidis
553 1877 679 1949 rapuisse
697 1877 846 1934 Numicius
863 1877 946 1934 undis

219 1959 359 2024 Creditur,
379 1964 408 2015 et
426 1960 532 2031 stagnis
550 1959 704 2015 occuluisse
722 1961 788 2015 suis.
900 1950 904 1956 ’

184 2041 295 2098 Sidonis
313 2043 423 2098 interea
439 2061 541 2114 magno
560 2042 679 2097 clamore
697 2059 748 2114 per
765 2059 846 2114 egros

219 2123 369 2192 Qnaeritur.
406 2124 554 2197 Apparent
571 2125 651 2196 signe
668 2130 797 2196 notoeque
814 2123 926 2196 pedum.
989 2127 1046 2180 650

184 2206 312 2262 Ventum
331 2212 392 2262 eret
409 2205 445 2262 nd
462 2207 553 2279 ripas:
577 2207 688 2262 inerant
705 2207 823 2279 vestigia
839 2206 916 2278 ripis.

220 2291 360 2348 Sustinuit
377 2293 476 2348 tacitas
495 2293 619 2348 conscius
638 2294 727 2348 amnis
746 2312 840 2364 equas.

182 2373 251 2448 Ipse
268 2375 346 2446 loqui
362 2375 422 2430 vise
440 2379 491 2440 est,
510 2376 618 2432 Placidi
636 2395 698 2432 sum
719 2375 855 2448 Nympha
871 2375 1006 2431 Numici:

218 2457 310 2514 Amne
328 2476 451 2530 perenne
468 2458 558 2513 latens
577 2459 661 2513 Anne
678 2458 807 2514 Perenne
823 2476 914 2514 vocor.

183 2539 316 2597 Protinus
335 2541 434 2596 erretis
452 2540 509 2595 leti
526 2547 679 2596 vescuntur
696 2542 727 2596 in
745 2541 827 2612 egris,
990 2545 1046 2598 655

218 2622 259 2677 Ε6
277 2623 419 2679 celebrent
436 2622 514 2694 largo
533 2641 618 2696 seque
637 2622 766 2694 diemque
784 2641 870 2678 mero.

184 2703 257 2760 Sunt
265 2707 365 2776 quibus
373 2704 645 2777 haecLuneest,quie
652 2706 793 2762 mensibus
801 2704 916 2777 implent
922 2723 1047 2761 annum:

218 2785 288 2841 Pers
307 2786 435 2850 Themin,
456 2785 600 2842 Inachium
618 2805 682 2858 pers
701 2793 782 2859 putet
800 2805 859 2842 esse
877 2787 989 2843 bovem.

181 2865 322 2932 Invenies,
341 2869 391 2940 qui
409 2876 438 2924 te
456 2868 611 2941 Nymphon
628 2869 776 2925 Atlantide
794 2869 897 2933 dicant,
1106 2929 1119 2950 ἱ

218 2950 313 3022 Teque
331 2950 353 3006 J
353 2952 399 3005 ovi
415 2952 528 3023 primos,
548 2953 639 3016 Anna,
659 2952 769 3007 dedisse
788 2952 872 3008 eibos.
990 2956 1051 3008 660
1107 2963 1119 2973 “

180 3029 252 3087 Haec
270 3051 390 3104 quoqne,
405 3051 489 3104 quem
506 3034 635 3096 referem,
648 3040 759 3089 nostres
770 3034 899 3106 pervenit
910 3033 947 3088 ed
959 3053 1050 3090 aures

217 3112 321 3166 Fame:
341 3132 393 3166 nee
411 3131 428 3167 11
443 3133 509 3168 vere
527 3114 643 3170 dissidet
660 3116 709 3170 ille
727 3116 792 3171 fide.

180 3187 265 3242 Plebs
283 3196 373 3252 1116111,
393 3197 422 3245 et
439 3193 523 3248 nullis
542 3196 695 3252 etiamnum
719 3202 783 3254 tute
800 3198 930 3262 tribunis,

215 3267 313 3337 Fugit,
333 3275 363 3322 ct
379 3271 410 3324 in
429 3271 507 3326 Sacri
524 3277 627 3331 vertice
644 3279 749 3334 montis
768 3284 837 3335 eret.
