2250 3704
20 2945 43 3001 ἵ

89 102 156 174 vu]
439 81 577 164 'risun

89 246 224 302 Attonitas
241 246 346 304 fiebant
363 248 483 307 demisso
502 252 578 310 crine
595 255 743 313 ministre:

124 329 288 386 Abstulerat
305 332 378 387 vires
397 335 520 405 corporis
538 335 598 408 ipse
615 339 708 395 timor.

90 411 221 468 Provolat
238 413 269 468 in
285 414 417 479 medium,
436 422 465 472 et
483 436 592 489 magne,
613 419 780 487 Succurrite,
799 441 874 484 voce.

124 495 154 549 N
155 514 193 550 on
210 501 254 551 est
271 497 405 553 auxilium
423 497 498 564 flere,
517 499 654 558 Metellus
673 505 719 560 eit.

90 577 212 648 Pignora
228 579 361 650 virgineis
380 579 476 636 satalia
492 583 584 639 tollite
601 585 718 656 palmis:
886 591 940 645 445

12 705 31 734 ,
124 661 154 715 N
156 679 192 716 on
210 681 244 717 ea
260 668 327 718 sunt
343 668 417 727 voto,
437 665 488 720 sed
504 667 641 738 rapienda
657 687 750 726 manu.

91 743 140 798 Me
157 745 304 799 miserum!
325 745 481 802 dubitatis?
500 749 548 804 ait.
585 749 726 808 Dubitare
744 753 869 818 videbat,

124 825 165 880 Et
182 827 295 898 pavidus
312 828 403 898 posito
420 831 602 899 procubuisse
620 851 703 903 genu.

90 907 196 964 Haurit
213 927 314 981 equas:
333 910 489 984 tollensque
506 933 614 980 manus,
634 915 785 989 Ignoscite,
805 919 884 982 dixit,

127 990 227 1046 Sacra:
247 992 291 1047 vir
308 992 420 1049 intrabo
437 1013 495 1050 non
513 996 641 1053 adeunde
658 999 727 1054 viro.
887 1004 942 1056 450

91 1077 122 1134 Si
139 1077 228 1132 scelus
246 1084 297 1142 est,
315 1079 345 1134 in
362 1098 407 1136 me
426 1082 564 1137 commissi
581 1101 663 1154 poena
680 1086 826 1142 redundet.

126 1160 171 1215 sit
189 1161 286 1231 capitis
304 1161 406 1218 damno
423 1163 515 1219 Rome
532 1165 624 1220 solute
640 1167 704 1222 mci.

90 1243 179 1306 Dixit,
198 1249 227 1298 et
244 1243 357 1316 irrupit:
376 1243 482 1301 facturn
500 1247 553 1302 dee
570 1255 652 1319 rapte
669 1250 807 1320 probavit,

125 1325 325 1398 Pontificisque
344 1328 388 1382 sui
404 1347 520 1384 munere
537 1336 601 1384 tuta
618 1330 681 1386 fuit.

89 1408 176 1464 Nunc
193 1408 263 1464 benc
281 1408 381 1464 lucetis
398 1428 481 1466 sacre
500 1413 553 1467 sub
572 1411 679 1468 Oaeaare
696 1412 828 1470 flamme:
888 1417 941 1471 455

126 1490 206 1562 Ignis
224 1491 254 1545 in
271 1491 364 1548 Hiecis
382 1511 456 1548 nunc
474 1495 536 1558 erit,
555 1501 663 1567 estque,
682 1496 759 1552 focis.

89 1574 234 1644 Nullaque
252 1573 361 1630 dicetur
377 1576 463 1631 vittas
481 1583 632 1632 temerasse
650 1578 778 1634 sacerdos

127 1655 192 1710 Hoc
211 1655 288 1720 duce,
307 1674 360 1711 nec
377 1657 442 1713 vive
460 1657 619 1712 defodietur
635 1658 729 1713 humo.

92 1737 140 1792 Sic
157 1738 263 1792 incesta
279 1739 370 1810 perit;
391 1740 457 1812 quie
474 1759 559 1812 quem
577 1741 700 1805 violavit,
719 1741 749 1795 in
766 1741 843 1797 illam

129 1819 281 1875 conditur:
298 1827 326 1877 et
338 1821 433 1878 Tellus
445 1822 590 1896 Vestaque
601 1843 705 1880 numen
717 1824 792 1880 idem
805 1831 856 1880 est.
889 1828 944 1881 460

92 1902 165 1958 rum
184 1902 237 1957 sibi
255 1902 375 1960 Gellcico
393 1905 499 1962 Brutus
518 1924 672 1977 cognomen
690 1907 725 1962 ab
743 1907 824 1962 hoste

127 1985 217 2049 Fecit,
235 1991 265 2040 et
283 1985 439 2058 Hisponem
457 1989 593 2060 sanguine
610 1989 695 2045 tinxit
711 1990 837 2046 humum.

92 2067 206 2124 Scilicet
222 2068 364 2124 interdurn
381 2071 535 2126 miscentur
551 2072 645 2126 tristia
662 2072 749 2136 laetis3

5 2174 10 2221 ;
126 2150 174 2204 Ne
191 2150 326 2222 populum
343 2156 405 2204 toto
421 2158 534 2222 pectore
551 2151 624 2206 festa
638 2155 748 2224 juvent.

5 2270 10 2311 t
91 2233 209 2289 Crassus
222 2233 259 2286 ad
270 2230 437 2302 Euphraten
449 2232 564 2303 aquilas,
577 2241 740 2306 natumque,
754 2253 875 2308 suosque
892 2237 945 2293 465

128 2315 272 2370 Perdidit:
293 2318 322 2368 et
338 2312 397 2368 leto
415 2318 459 2367 est
476 2313 593 2368 ultimus
611 2315 670 2384 ipse
689 2317 779 2372 datus.

89 2397 206 2461 Partho,
225 2395 294 2468 quid
312 2394 440 2451 exultas?
459 2395 529 2450 dixit
548 2395 616 2459 dca;
636 2396 716 2466 signa
732 2399 874 2454 remittes:

6 2460 12 2573 ’ἰ
128 2479 242 2550 Quique
259 2495 356 2534 necem
374 2477 468 2534 Crassi
484 2477 614 2542 vindicet,
633 2477 710 2532 ultor
726 2478 790 2533 erit.

10 2696 14 2705 .
89 2651 134 2705 At
152 2646 235 2702 simul
252 2645 350 2701 euritis
367 2646 446 2702 viole
465 2647 617 2702 demuntur
634 2645 735 2710 asellis,

129 2729 170 2784 Et
188 2728 296 2784 Cereris
314 2727 409 2800 fruges
427 2747 525 2800 aspera
543 2747 610 2784 saxa
626 2733 740 2792 terunt;
895 2727 950 2785 470

90 2813 123 2869 N
125 2813 201 2867 avite
217 2829 310 2883 puppe
329 2811 436 2876 sedens,
455 2811 598 2882 Delphina
615 2810 782 2875 videbimus,
800 2809 903 2881 inquit,

132 2895 260 2950 Humida
277 2912 341 2950 cum
358 2894 440 2965 pulso
458 2911 515 2948 nox
532 2893 586 2948 erit
604 2899 667 2948 orta
684 2892 738 2948 die.

91 3061 172 3124 Jam,
193 3057 299 3130 Phryx,
318 3077 336 3113 a
352 3063 442 3130 nupta
460 3057 594 3129 quereris,
614 3055 744 3120 Pithone,
762 3053 892 3128 relinqui,

132 3142 173 3197 Et
189 3141 259 3213 vigil
276 3141 344 3196 Eois
363 3139 478 3196 Lucifer
496 3139 554 3194 exit
572 3139 661 3211 equis.

92 3227 153 3290 Ite,
172 3225 253 3281 bone
271 3229 382 3287 matres,
403 3225 538 3292 (vestrum
557 3221 691 3276 Matralia
709 3220 833 3290 festum)
900 3220 952 3277 475

134 3308 278 3378 Flavaque
296 3305 434 3363 Thebane
452 3305 562 3362 reddite
579 3304 638 3362 libe
655 3304 721 3360 deae.
