2250 3704
200 59 252 115 128
429 56 464 113 P.
483 55 622 113 OVIDII
639 55 819 114 NASONIS
971 57 1060 131 [Iun.

197 200 235 256 In
252 219 334 274 preoe
351 205 428 257 totus
445 217 530 256 eram.
567 199 697 256 coelestia
712 202 829 257 numina
846 202 928 268 sensi,

235 283 368 356 Laeteque
384 301 528 356 purpurea
544 282 607 338 luoe
625 283 736 339 refulsit
752 285 863 340 humus.

197 365 267 422 Non
284 367 413 438 equidem
430 367 490 421 vidi
509 365 632 436 (valeant
648 366 794 423 mendacia
809 369 919 439 vatum)

234 449 283 514 Te,
302 450 370 514 dea余
392 467 445 505 neo
463 448 556 505 fueras
575 447 753 520 adspicienda
769 451 838 506 viro.

200 529 256 587 Sed
275 551 336 604 quae
353 533 514 596 nesciorum,
533 549 708 603 quorumque
726 551 820 589 errore
837 533 961 599 tenebar,
999 537 1056 592 255

233 614 354 686 Cognita
370 620 444 680 sunt,
463 613 540 669 nullo
558 614 744 686 precipiente,
763 616 841 671 mihi.

197 695 281 752 Denn
297 701 397 770 quater
413 701 569 753 memorant
585 695 714 752 habuisse
732 697 833 753 Palilia
851 698 978 763 Romam,

235 780 308 835 Cum
325 779 442 835 flamme
460 785 552 835 eustos
571 777 629 834 ede
646 785 759 852 reeepte
777 798 827 836 sua
845 787 896 837 est.

198 861 286 934 Regis
304 881 373 934 opus
390 862 501 934 placidi,
520 879 576 934 quo
592 879 651 916 non
667 865 838 918 metuentius
855 864 944 920 ullum

233 944 366 1001 Numinis
384 945 527 1016 ingenium
544 949 622 999 terra
640 943 744 1000 Sabina
760 947 836 1001 tulit.

198 1027 269 1096 Quae
286 1047 361 1083 nuno
378 1046 432 1084 rere
448 1027 534 1090 vides,
554 1026 658 1098 stipula
674 1033 742 1083 tune
759 1034 835 1084 teeta
852 1029 978 1085 videres:

232 1109 274 1165 Et
290 1111 380 1182 peries
397 1110 474 1165 lento
490 1109 594 1164 vimine
611 1114 705 1165 textus
724 1116 793 1166 erat.

197 1191 255 1249 Hie
273 1193 349 1249 loeus
368 1193 492 1264 exiguus,
511 1191 561 1264 qui
579 1192 698 1248 sustinet
715 1193 787 1248 atria
803 1193 907 1259 Veste,

233 1275 312 1331 Tune
330 1280 391 1331 erat
408 1275 513 1330 intonsi
529 1274 608 1346 regis
624 1292 726 1346 magna
743 1275 773 1330 N
774 1294 854 1331 umae.

197 1357 302 1413 Forma
312 1363 406 1414 tamen
417 1357 523 1429 templi,
537 1375 599 1429 quae
611 1375 686 1412 nuno
697 1364 800 1422 menet,
815 1364 879 1414 ante
891 1357 979 1415 fuisse
998 1362 1056 1418 265

231 1440 360 1496 Dicitur:
380 1445 409 1495 et
426 1439 521 1495 ior-mre
538 1457 622 1494 oense
638 1439 783 1512 prebenda
800 1442 905 1497 subest.

196 1522 286 1579 Veste
297 1523 393 1578 eadem
405 1526 527 1594 estque
539 1521 640 1577 Terre:
654 1522 749 1578 subest
758 1522 825 1594 vigil
836 1525 909 1596 ignis
920 1525 1055 1598 utrique余

234 1605 398 1678 Significant
415 1604 510 1661 sedem
527 1609 603 1659 terre
620 1604 755 1677 foeusque
774 1623 862 1661 suern.

196 1687 284 1744 Terre
301 1687 363 1760 pile
381 1687 487 1752 similis,
506 1687 583 1742 nullo
601 1685 744 1742 fulcimine
762 1687 835 1752 nixa,

231 1771 306 1825 Aere
324 1771 450 1842 subjecto
467 1775 526 1824 tum
543 1787 627 1841 grave
644 1769 749 1841 pendet
765 1788 846 1826 onus.
996 1773 1060 1830 270

196 1851 265 1925 Ipsa
280 1852 440 1908 volubilitas
458 1852 591 1907 libratum
609 1851 729 1907 sustinet
746 1854 857 1908 orbem:

231 1934 344 2007 Quique
361 1939 470 2006 premat
487 1940 589 2006 partes,
609 1933 727 2005 ungulus
745 1936 835 1990 omnis
853 1935 940 1991 abest.

196 2016 323 2090 Cumque
341 2017 426 2072 sitin
443 2017 536 2072 media
552 2034 647 2071 rerum
664 2016 778 2088 regione
795 2017 893 2082 looate,

231 2099 272 2155 Et
288 2105 387 2172 tangat
404 2099 513 2154 nullum
529 2099 628 2171 plusve
645 2099 772 2154 minusve
789 2099 878 2165 latus余

195 2181 236 2238 Ni
255 2200 376 2237 eonvexe
393 2181 475 2245 foret,
493 2181 568 2253 parti
585 2181 702 2236 vicinior
720 2187 809 2237 esset:
998 2185 1059 2243 275

230 2263 293 2320 Neo
310 2264 433 2319 medium
449 2270 553 2319 terrem
570 2262 692 2318 mundus
709 2263 826 2319 haberet
843 2282 923 2320 onus.

195 2347 266 2402 Arte
286 2345 432 2418 Syreeosia
449 2363 599 2418 suspensus
618 2345 649 2400 in
666 2363 730 2401 aere
748 2345 842 2401 clauso

232 2428 296 2484 Stat
313 2429 420 2500 globus,
439 2427 568 2483 immensi
585 2445 671 2500 parva
688 2427 779 2500 figure
795 2429 861 2500 poli.

194 2510 235 2566 Et
253 2517 389 2583 quantum
406 2529 424 2566 a
440 2510 564 2574 summis,
582 2515 694 2565 tanturn
712 2512 825 2567 seoessit
842 2511 878 2566 eb
896 2511 959 2568 imis

231 2593 326 2649 Terra.
364 2593 449 2662 Quod
465 2597 499 2647 ut
516 2591 575 2655 fiat,
594 2592 685 2648 forma
701 2593 823 2648 rotunde
839 2594 916 2650 facit
998 2599 1061 2654 280

195 2675 252 2731 Par
269 2675 353 2731 faeies
372 2675 484 2748 templi:
507 2673 601 2730 nullus
619 2677 759 2746 procurrit
776 2676 806 2731 in
823 2675 871 2731 illo

227 2757 365 2828 Angelus.
401 2759 429 2812 A
446 2756 540 2830 pluvio
556 2757 680 2812 vindieat
696 2758 785 2813 imbre
802 2758 905 2814 tholus.

193 2840 252 2895 Gur
269 2841 306 2894 sit
323 2839 464 2912 virgineis,
483 2839 592 2911 quaeris,
612 2839 664 2894 dea
682 2840 759 2895 culta
775 2841 931 2897 ministris?

228 2922 375 2977 Inveniam
387 2939 483 2977 eausas
501 2921 553 2976 hae
571 2938 683 2994 quoque
700 2927 782 2994 perte
800 2941 874 2978 suns.

193 3003 240 3058 Ex
251 3003 314 3074 Ope
325 3002 347 3058 J
346 3021 468 3058 unonem
479 3011 637 3060 memorant
649 3004 837 3077 Cereremque
849 3011 956 3062 orestas
997 3009 1058 3066 285

229 3083 341 3137 Semina
360 3083 489 3138 Saturni:
509 3085 595 3140 tertia
612 3085 703 3141 Vesta
721 3087 783 3142 fuit.

192 3159 320 3229 Utraque
337 3169 508 3233 nupserunt余
529 3166 616 3222 amba
633 3169 775 3239 peperisse
793 3169 939 3226 feruntur:

226 3237 272 3290 De
289 3241 380 3295 tribus
397 3243 546 3314 impatiens
563 3248 670 3304 restitit
686 3268 744 3306 una
761 3252 824 3308 viri

1110 1825 1119 1874 i
