2252 3706
336 509 478 583 LIBER
509 511 710 584 TERTIUS.

440 732 623 744 -ῂ-

99 886 238 951 Bnnmcu,
258 886 390 958 depositis
408 887 507 959 clypeo
523 888 665 962 paulisper
682 897 711 945 ot
728 891 818 955 hasta,

133 969 220 1033 Mars,
239 969 313 1034 ades,
332 975 362 1024 et
378 969 481 1024 nitidas
499 970 604 1027 casside
623 972 698 1028 solve
717 990 817 1028 eomas.

97 1049 228 1106 Forsitan
244 1052 303 1123 ipse
319 1069 409 1123 roges,
428 1052 496 1123 quid
513 1053 550 1107 sit
568 1072 631 1108 eum
649 1053 745 1110 Marte
762 1061 861 1126 poetae.

132 1131 160 1186 l
176 1138 214 1197 te,
233 1133 282 1206 qui
299 1134 416 1198 canitirr,
434 1133 547 1188 nomina
563 1135 667 1190 mensis
685 1135 778 1191 habet.

96 1213 163 1286 Ipse
179 1215 257 1270 vides
274 1216 401 1270 manibus
419 1216 516 1287 peragi
532 1215 593 1272 feru
609 1215 683 1271 belis
700 1216 845 1272 Minerva
930 1219 946 1272 5

132 1296 162 1350 N
162 1316 210 1351 um
227 1297 318 1351 minus
336 1297 463 1368 ingenuis
481 1297 588 1352 artibus
606 1298 654 1353 illa
670 1298 770 1353 vacat?

96 1377 218 1433 Palladis
235 1379 361 1450 exemplo
377 1379 512 1450 ponende
529 1384 656 1451 tempora
673 1399 752 1435 sume

133 1459 269 1533 cuspidis.
306 1460 436 1516 Invenies
454 1466 484 1516 et
502 1462 577 1534 quod
594 1462 707 1516 inermis
725 1480 800 1534 ugus.

95 1540 169 1596 Tum
186 1561 296 1615 quoque
314 1543 425 1598 inermis
443 1561 513 1608 oras,
532 1561 595 1598 oum
612 1550 641 1599 te
659 1544 786 1598 Romana
804 1544 931 1600 sacerdos

131 1623 221 1696 Cepit,
239 1631 272 1680 ut
288 1625 353 1680 huie
370 1624 443 1679 Urbi
460 1625 565 1680 semina
583 1626 668 1697 digua
685 1626 774 1680 daras·
911 1630 945 1681 10

94 1705 150 1762 His
167 1705 288 1762 Vestalis
308 1706 387 1778 (quid
404 1707 478 1762 onim
494 1712 573 1762 vetat
590 1707 655 1762 inde
673 1706 811 1777 moverit)

134 1787 217 1843 Sacra
233 1788 373 1844 lavaturas
390 1807 471 1844 mane
488 1789 603 1860 potebat
621 1807 714 1861 aquas.

93 1869 222 1925 Ventum
239 1877 299 1926 erat
316 1870 352 1926 ad
368 1871 445 1926 molli
463 1871 598 1926 declivem
616 1871 728 1927 tramite
745 1870 849 1943 ripamz

131 1951 250 2007 Ponitur
267 1972 283 2007 e
301 1970 409 2008 summa
426 1951 520 2008 fictilis
537 1971 609 2007 urna
627 1970 712 2008 come.

92 2033 182 2090 Fessa
197 2034 301 2090 resedit
318 2034 405 2097 humi,
423 2039 575 2107 ventosque
594 2035 700 2107 soeopit
718 2039 816 2107 aperto
910 2037 944 2089 15

130 2115 255 2180 Pectore,
273 2115 400 2170 turbatas
417 2116 595 2187 restituitque
613 2134 713 2171 eomas.

91 2197 180 2254 Dum-
190 2199 285 2262 sedet3
312 2197 448 2252 umbrosae
467 2198 572 2262 salices,
590 2197 772 2269 volucresque
790 2215 896 2252 oanorae

129 2279 270 2335 Feoerunt
287 2297 405 2344 somnos,
424 2285 453 2334 et
470 2279 531 2335 leve
548 2297 675 2334 mmmm
694 2297 779 2351 aquae.

92 2362 205 2418 Blande
222 2362 301 2434 quies
317 2362 398 2417 vietis
416 2361 514 2416 furtim
532 2361 659 2432 subrepit
675 2361 778 2424 ocellis,

128 2443 169 2499 Et
187 2443 262 2500 eadit
279 2463 296 2498 a
312 2449 407 2498 mento
424 2443 557 2514 languida
574 2442 649 2498 faeta
665 2461 773 2497 manus.
909 2444 945 2496 20

90 2526 174 2582 Mars
191 2526 269 2581 videt
284 2525 364 2590 hano,
376 2525 518 2598 visamque
530 2525 615 2597 eupit,
628 2524 791 2596 potiturque
803 2523 941 2594 cupitum:

126 2607 168 2663 Et
186 2625 237 2662 sua
254 2607 347 2662 divina
363 2607 440 2662 furta
456 2606 557 2662 fefellit
573 2623 634 2678 ope.

90 2689 213 2747 Somnus
231 2690 304 2744 abit:
329 2690 406 2760 jaoet
422 2688 471 2744 illa
488 2688 587 2760 gravis.
624 2686 691 2742 Jsm
708 2687 814 2742 scilieet
831 2687 907 2742 intra

126 2771 253 2836 Viscera,
271 2769 405 2826 Romane
423 2771 553 2826 eonditor
568 2769 656 2833 urbis,
675 2787 745 2823 eras.

88 2853 240 2925 languida
251 2853 408 2924 eonsurgit;
430 2872 481 2908 noe
500 2852 552 2908 seit
570 2869 620 2906 our
631 2850 763 2923 languide
774 2857 870 2923 surgat
881 2874 887 2905 :
907 2853 942 2908 25

4 2943 23 3018 >
125 2935 169 2990 Et
185 2934 294 3007 peragit
311 2935 382 2989 tales
400 2935 497 2990 arbore
514 2935 580 2989 nixa
598 2950 694 2988 sonos:

86 3017 171 3074 Utile
190 3017 228 3072 sit
244 3016 430 3088 faustumque,
448 3033 555 3088 precor,
574 3015 650 3087 quod
666 3014 788 3085 imagine
807 3013 896 3070 somni

124 3098 267 3153 Vidimus.
303 3098 350 3152 Au
368 3117 464 3154 somno
482 3097 581 3153 elarius
599 3095 669 3151 illud
687 3095 768 3150 erat?

83 3179 211 3255 Ignibus
228 3179 322 3234 Iliacis
340 3180 466 3235 aderam:
487 3198 550 3234 enm
567 3178 646 3249 lapsa
663 3176 768 3247 capillis

122 3261 243 3320 Decidit
260 3265 325 3318 ante
342 3280 433 3319 sauros
450 3261 531 3318 lanea
547 3260 620 3317 vitta
636 3258 722 3313 focos.
