2250 3704
177 110 234 164 130*
406 106 439 168 Ρ.
459 106 598 163 evron
615 105 792 163 rssoms
949 105 1030 177 [ns.

176 251 219 307 Hi
236 257 341 308 temere
359 251 489 308 errabunt
507 251 537 306 in
555 269 647 324 opecae
663 251 783 306 vallibus
802 250 877 315 Idm

211 333 280 389 Pers
295 335 379 405 jacet,
399 339 428 389 et
444 333 523 388 molli
541 334 666 405 gramine
683 333 809 388 membra
826 334 912 388 levet.

173 415 217 472 Hi
234 417 344 480 ludunt,
363 416 414 471 hos
433 434 546 471 somnus
564 416 664 472 hebet:
684 435 748 488 pers
766 415 880 471 brechia
897 416 993 480 nectit,

209 498 250 555 Et
266 499 385 554 viridem
404 499 487 555 celeri
504 504 549 553 ter
567 499 638 570 pede
657 499 749 570 pulset
768 499 894 554 humum.
976 501 1031 554 330

173 580 263 637 Vesta
277 583 361 654 jacet,
380 581 573 655 placidumque
592 582 667 653 cupit
684 599 782 636 secure
800 581 932 653 quietem,

210 664 289 720 Sicut
307 670 367 720 eret
385 665 508 736 positum
527 664 631 735 cespite
649 663 721 718 fulta
738 669 830 736 ceput.

174 747 216 804 At
233 747 320 803 ruber
337 747 483 802 hortorum
501 752 594 802 custos
613 746 818 819 Nymphasque
836 746 957 818 deaeque

209 831 319 905 Captet,
339 836 368 886 et
386 835 510 886 errantes
528 830 639 900 fertque
657 829 799 901 refertque
817 829 911 901 pedes.

172 913 302 986 Adspicit
314 918 342 969 et
350 912 477 977 Vestem,
491 912 616 976 dubium,
629 911 659 966 N
660 911 828 983 ymphumue
840 911 955 983 pute-rit,
976 913 1035 968 335

207 997 254 1051 An
272 996 367 1051 scierit
384 995 518 1051 Vestem:
538 995 623 1050 scisse
642 991 692 1049 sed
709 995 770 1065 ipse
787 999 881 1065 neget.

173 1077 258 1151 Spem
276 1079 351 1150 capit
368 1077 531 1140 obscenam,
550 1076 704 1147 firrtimque
722 1075 853 1131 accedere
871 1081 974 1141 tentet,

207 1160 248 1216 Et
264 1161 321 1216 fert
339 1179 487 1232 suspensos
506 1159 589 1215 corde
607 1159 727 1214 micante
745 1158 857 1230 gradus.

171 1243 258 1299 Forte
276 1262 368 1308 senex,
388 1262 444 1314 quo
460 1249 558 1298 vectus
577 1247 646 1306 eret,
667 1241 778 1297 Silenus
796 1241 914 1297 asellum

206 1325 342 1399 Liqueret
360 1326 397 1380 ad
413 1325 488 1397 ripas
506 1325 570 1380 lene
590 1324 714 1379 sonantis
733 1343 821 1396 eque.
974 1324 1030 1380 340

171 1408 246 1472 lbet,
265 1414 298 1464 ut
318 1408 460 1480 inciperet,
479 1407 557 1479 longi
576 1407 646 1462 deus
664 1405 852 1479 Hellesponti,

211 1490 417 1570 Intempestivo
436 1509 500 1545 cum
517 1488 594 1544 rudit
612 1489 659 1544 ille
677 1505 753 1543 sono.

171 1572 281 1630 Territa
297 1591 365 1628 voce
383 1573 462 1645 gravi
480 1571 570 1643 surgit
588 1572 649 1626 dee.
686 1569 823 1626 (lonvolet
841 1569 930 1626 omnis

206 1655 308 1710 Turba.
335 1655 401 1712 ,Per
419 1655 534 1711 infestae
553 1653 652 1726 effiigit
669 1653 717 1708 ille
732 1671 839 1709 manus.

169 1736 337 1810 Lampsacos
349 1738 402 1794 hoc
414 1737 517 1793 enimel
528 1737 612 1792 solite
623 1742 667 1791 est
677 1741 799 1791 mactare
811 1734 929 1807 Priapo:
971 1737 1028 1793 345

204 1820 282 1892 Apte
299 1821 370 1875 asini
387 1821 506 1876 flammis
524 1819 624 1875 indicis
643 1825 708 1874 exte
726 1818 833 1874 demus.

171 1901 264 1972 Quem
281 1908 322 1966 tu,
342 1903 406 1958 dive
423 1921 537 1967 memor,
557 1903 592 1957 de
609 1920 682 1974 pene
699 1900 849 1957 monilibus
867 1917 956 1956 ornes.

206 1984 304 2040 Cesset
322 2004 407 2057 opus:
427 2004 521 2041 vucuoe
540 1985 698 2040 conticuere
715 1984 804 2039 moles.

170 2066 301 2134 Nomine,
320 2086 405 2139 quem
422 2067 522 2140 pretio,
542 2066 705 2123 celebratior
722 2084 784 2120 erce
803 2064 945 2130 Tonantis,
1030 2095 1034 2102 ·

205 2150 314 2214 Dicam,
333 2149 451 2206 Pistoris
469 2151 539 2222 quid
554 2150 624 2205 velit
641 2167 690 2204 ure
706 2147 796 2204 Jovis.
971 2150 1033 2205 350

170 2232 271 2288 Cincte
286 2233 486 2304 premebuntur
502 2233 629 2288 trucibus
648 2231 786 2304 Capitolia
803 2228 907 2286 Gullisz

205 2315 324 2371 Fecerat
342 2315 449 2371 obsidio
464 2317 524 2388 jem
542 2315 676 2370 diuturne
692 2313 803 2369 famem.

169 2397 292 2469 Jupiter,
312 2397 348 2453 sd
365 2398 466 2453 solium
483 2399 590 2470 superis
607 2396 701 2469 regule
719 2395 832 2459 vocetis,

205 2480 311 2553 Incipe,
331 2481 371 2536 eit
388 2480 486 2536 Marti.
523 2479 657 2535 Protinus
675 2479 722 2534 ille
739 2477 843 2534 refert:

171 2562 283 2619 Scilicet
300 2563 428 2635 ignotum
446 2568 497 2626 est,
516 2581 579 2633 quse
597 2562 633 2618 sit
651 2561 765 2616 fortune
781 2576 916 2624 meorum,
971 2563 1039 2618 355·

205 2644 245 2701 Et
263 2645 342 2700 dolor
358 2645 404 2700 hic
422 2645 508 2700 animi
524 2663 592 2700 voce
611 2643 753 2716 querentis
772 2641 856 2714 eget?

171 2727 203 2784 si
219 2733 322 2793 tumen,
340 2733 374 2784 ut
391 2728 511 2784 referem
528 2727 651 2782 breviter
668 2725 741 2781 mels
756 2726 855 2797 junctu
871 2723 984 2795 pudori,

203 2809 318 2882 Exigis3
338 2810 442 2883 Alpino
459 2809 550 2866 Rome
568 2809 621 2865 sub
638 2808 719 2863 hoste
734 2809 819 2879 jacet.

168 2891 239 2949 Haec
258 2898 308 2956 est,
328 2893 373 2948 cui
390 2893 483 2949 fuerat
499 2892 637 2965 promisse
653 2890 782 2963 potentis
798 2907 902 2953 rerum,

204 2975 337 3046 Jupiter?
355 2974 428 3031 hano
444 2975 527 3030 terris
546 2974 725 3046 impositurus
744 2971 825 3028 erest
970 2974 1033 3030 360
1093 2965 1121 3002 “

167 3056 289 3126 Jamque
306 3056 489 3120 suburbanos,
508 3055 684 3127 Etruscaque
703 3055 830 3112 contudit
847 3071 940 3119 srms;

204 3134 273 3203 Spes
292 3142 353 3190 erut
370 3137 400 3191 in
418 3155 516 3192 cursu:
537 3156 612 3193 nunc
629 3138 687 3194 lure
705 3136 787 3209 pules
804 3155 855 3192 suo
873 3143 925 3192 est.

166 3211 297 3266 Vidimus
315 3222 426 3269 ornatos
445 3223 529 3272 eruta
546 3237 597 3289 per
615 3219 687 3274 stris
704 3219 780 3290 piote

200 3289 288 3344 Veste
305 3293 486 3364 triumphales
505 3299 667 3356 occubuisse
685 3318 775 3356 senes.
