2252 3706
61 93 122 166 n]
426 95 552 155 rnsrr.

61 237 137 294 Tum
155 258 265 312 quoque
282 241 367 297 vieini
383 242 463 298 lucus
481 245 637 301 celebratur
653 245 743 320 Asyli,

99 321 165 390 Qus
181 325 254 394 petit
271 343 411 396 aequoreas
429 326 537 382 advena
554 328 645 384 Tibris
664 347 776 401 aquas·

60 403 110 460 Ad
127 407 269 477 penetrale
288 407 398 472 Numae,
418 408 659 482 Capitolinumque
678 411 841 477 Tonantem,

100 487 194 560 Inque
211 488 292 544 Jovis
310 509 419 546 summa
436 491 551 547 oaeditur
568 512 631 548 aree
647 494 755 550 bidens.
879 496 915 552 70

62 571 143 642 Saepe
161 590 258 642 graves
276 573 384 643 pluvias
402 573 552 645 adopertus
570 577 691 631 nubibus
708 577 814 634 Auster

99 653 237 718 Concitat,
256 659 306 710 aut
321 655 414 727 posita
432 657 483 712 sub
501 658 566 712 nive
583 663 659 714 terra
676 659 753 715 latet.

61 813 212 870 Proximus
230 812 382 886 Hesperias
400 815 484 872 Titan
501 817 627 874 abiturus
644 819 674 874 in
691 821 781 876 undas

98 897 234 952 Gemmea
251 898 398 970 purpureis
416 918 479 954 oum
493 901 563 972 juga
580 902 668 957 demit
686 905 780 975 equis3

62 979 118 1034 Illa
135 985 217 1034 noete
235 980 342 1051 aliquis,
361 981 460 1036 tollens
479 982 515 1036 ad
533 983 624 1039 sidera
640 986 758 1051 vultum,
877 987 912 1046 75

98 1061 191 1126 Dicet,
209 1061 268 1116 Ubi
286 1067 328 1117 est
345 1062 436 1127 hodie,
456 1083 517 1135 quae
535 1064 612 1137 Lyra
628 1067 707 1123 fulsit
725 1069 806 1124 heri?

61 1143 195 1214 Dumque
213 1143 317 1216 Lyram
334 1151 447 1216 queret,
465 1147 551 1201 medii
568 1167 678 1220 quoque
696 1156 777 1223 terga
793 1151 895 1208 Leonis

99 1226 136 1280 In
152 1225 273 1298 liquidas
291 1226 386 1282 subito
403 1247 495 1284 mersa
511 1231 622 1286 notabit
639 1250 735 1303 aquas.

63 1387 157 1457 Quem
173 1387 257 1442 modo
275 1387 400 1444 ealstum
417 1389 505 1445 stellis
522 1390 665 1464 Delphina
681 1392 803 1461 videbas,

99 1470 131 1525 Is
149 1469 238 1542 fugiet
255 1473 331 1526 visus
348 1477 430 1528 noete
448 1480 582 1544 sequente
599 1480 673 1530 tuos.
878 1482 914 1534 80

64 1553 123 1609 Seu
140 1552 194 1607 fuit
211 1555 325 1609 occultis
343 1554 409 1609 felix
426 1555 456 1610 in
474 1557 614 1612 amoribus
631 1558 731 1624 index;

99 1635 219 1691 Lesbida
237 1655 300 1691 eum
318 1636 430 1691 domino
448 1656 499 1692 seu
515 1639 582 1693 tulit
599 1639 646 1694 ille
663 1639 762 1711 lyram.

63 1718 151 1787 Quod
166 1737 242 1773 mare
260 1736 318 1772 non
334 1719 420 1782 novit,
439 1739 501 1790 quae
518 1721 607 1775 nescit
624 1721 730 1777 Ariona
747 1723 850 1779 tellus?

99 1801 229 1857 Carmine
247 1806 389 1856 turrentes
406 1801 453 1856 ille
471 1803 585 1858 tenebat
603 1821 696 1874 aquas.

63 1885 144 1956 Saepe
162 1901 279 1954 sequens
297 1902 397 1955 agnam
413 1883 497 1955 lupus
515 1890 558 1940 est
575 1885 627 1940 hae
638 1904 705 1942 vose
716 1893 841 1946 retentus
850 1911 858 1955 ς
878 1893 912 1947 85

100 1965 179 2036 Saepe
196 1964 308 2020 avidum
325 1965 435 2037 fugiens
452 1967 556 2023 restitit
574 1987 646 2040 agna
662 1969 775 2042 lupum:

64 2048 145 2119 Saepe
163 2065 243 2102 canes
261 2047 424 2120 leporesque
441 2050 541 2105 umbra
559 2051 679 2107 cubuere
698 2054 750 2109 sub
768 2073 840 2110 una:

98 2130 140 2185 Et
157 2129 235 2185 stetit
252 2130 282 2184 in
299 2149 366 2185 saxo
381 2131 508 2203 proxima
525 2150 607 2188 cerva
623 2132 689 2189 leaez

62 2213 104 2268 Et
122 2211 182 2266 sine
198 2212 248 2266 lite
265 2211 367 2282 loquax
384 2231 447 2268 eum
465 2213 586 2270 Palladis
604 2215 669 2272 alite
687 2218 782 2273 oornix

100 2294 194 2350 Sedit:
214 2299 243 2349 et
261 2295 385 2366 accipitri
399 2295 498 2367 juncta
515 2297 642 2354 uolumba
658 2299 721 2354 fuit.
876 2305 913 2358 90

62 2376 187 2450 Cynthia
204 2394 275 2448 saepe
292 2377 349 2431 tuis
367 2376 465 2441 fertur,
483 2379 585 2434 vocalis
602 2381 700 2445 Arion,

99 2459 244 2531 Tanquam
261 2458 391 2514 fraternis
409 2460 584 2533 obstupuisse
601 2462 700 2516 modis.

60 2543 176 2599 Nomen
193 2541 339 2597 Arionium
358 2541 463 2598 Siculas
480 2543 644 2616 impleverat
660 2543 762 2610 urbes;

99 2625 242 2695 Captaque
260 2629 320 2678 erat
336 2624 430 2695 lyricis
448 2625 569 2680 Ausonis
586 2643 636 2680 ora
653 2626 735 2680 sonis.

59 2706 136 2763 Inde
154 2705 266 2760 domum
283 2712 412 2777 repetens
430 2708 546 2778 puppim
564 2706 723 2762 conscendit
740 2706 837 2774 Arion,
877 2715 912 2767 95

97 2789 193 2858 Atque
210 2789 251 2843 ita
269 2789 396 2859 quaesitas
415 2795 474 2843 arte
492 2789 600 2845 ferebat
617 2807 693 2861 opes.

57 2869 202 2933 Forsitan,
221 2869 325 2934 infelix,
344 2877 441 2926 ventos
459 2871 618 2943 undamque
635 2871 769 2940 timebas;

13 2957 25 3014 t
96 2954 140 3008 At
156 2952 209 3007 tibi
225 2970 295 3007 nure
313 2958 363 3007 tua
379 2954 468 3008 tutius
487 2971 581 3024 aequor
597 2960 665 3008 erat.

57 3035 91 3092 N
92 3053 194 3107 amque
211 3035 382 3106 gubernator
399 3035 532 3090 destricto
551 3036 677 3091 constitit
695 3055 769 3104 ense,

95 3117 259 3188 Gaeteraque
277 3123 383 3172 armata
401 3118 509 3173 conseia
526 3119 610 3174 turba
626 3137 720 3176 manu.
859 3125 914 3179 100

57 3200 140 3271 Quid
157 3200 210 3255 tibi
228 3219 292 3255 eum
309 3199 421 3272 gladio?
440 3199 554 3256 dubiam
570 3219 645 3273 rege,
663 3203 766 3268 navita,
785 3204 883 3276 pinum
892 3231 900 3270 ς

95 3283 166 3340 Non
184 3288 251 3339 sunt
267 3281 327 3339 hae
344 3283 438 3355 digitis
457 3301 533 3339 arms
549 3285 671 3340 tenenda
687 3285 752 3340 tuis.
