<?xml version="1.0" encoding="UTF-8"?>
<!DOCTYPE html PUBLIC "-//W3C//DTD XHTML 1.0 Transitional//EN"
    "http://www.w3.org/TR/xhtml1/DTD/xhtml1-transitional.dtd">
<html xmlns="http://www.w3.org/1999/xhtml" xml:lang="en" lang="en">
 <head>
  <title>
</title>
<meta http-equiv="Content-Type" content="text/html;charset=utf-8" />
  <meta name='ocr-system' content='tesseract 3.04.00' />
  <meta name='ocr-capabilities' content='ocr_page ocr_carea ocr_par ocr_line ocrx_word'/>
</head>
<body>
  <div class='ocr_page' id='page_1' title='image "./fasti00ovidgoog_0067.png"; bbox 0 0 2252 3706; ppageno 0'>
   <div class='ocr_carea' id='block_1_1' title="bbox 215 84 1056 158">
    <p class='ocr_par' dir='ltr' id='par_1_1' title="bbox 215 84 1056 158">
     <span class='ocr_line' id='line_1_1' title="bbox 215 84 1056 158; baseline -0.008 -11"><span class='ocrx_word' id='word_1_1' title='bbox 215 93 250 148; x_wconf 74' lang='lat'>62</span> <span class='ocrx_word' id='word_1_2' title='bbox 447 87 481 143; x_wconf 89' lang='lat' dir='ltr'>P.</span> <span class='ocrx_word' id='word_1_3' title='bbox 500 85 639 142; x_wconf 80' lang='lat' dir='ltr'><strong>OVIDII</strong></span> <span class='ocrx_word' id='word_1_4' title='bbox 656 84 833 142; x_wconf 84' lang='lat' dir='ltr'><strong>NASONIS</strong></span> <span class='ocrx_word' id='word_1_5' title='bbox 988 85 1056 158; x_wconf 84' lang='lat' dir='ltr'>[Lm.</span> 
     </span>
    </p>
   </div>
   <div class='ocr_carea' id='block_1_2' title="bbox 213 227 1121 1024">
    <p class='ocr_par' dir='ltr' id='par_1_2' title="bbox 213 227 1121 1024">
     <span class='ocr_line' id='line_1_2' title="bbox 216 227 1057 303; baseline -0.004 -15"><span class='ocrx_word' id='word_1_6' title='bbox 216 232 280 288; x_wconf 82' lang='lat' dir='ltr'>Sive</span> <span class='ocrx_word' id='word_1_7' title='bbox 293 237 336 288; x_wconf 90' lang='lat' dir='ltr'>est</span> <span class='ocrx_word' id='word_1_8' title='bbox 347 230 549 303; x_wconf 66' lang='lat' dir='ltr'><strong>Arctophylax,</strong></span> <span class='ocrx_word' id='word_1_9' title='bbox 563 229 621 284; x_wconf 87' lang='lat' dir='ltr'>sive</span> <span class='ocrx_word' id='word_1_10' title='bbox 633 234 677 284; x_wconf 88' lang='lat' dir='ltr'>est</span> <span class='ocrx_word' id='word_1_11' title='bbox 687 229 768 300; x_wconf 85' lang='lat' dir='ltr'>piger</span> <span class='ocrx_word' id='word_1_12' title='bbox 778 229 825 284; x_wconf 89' lang='lat' dir='ltr'>ille</span> <span class='ocrx_word' id='word_1_13' title='bbox 837 227 942 284; x_wconf 90' lang='lat' dir='ltr'>Bootes</span> <span class='ocrx_word' id='word_1_14' title='bbox 952 253 961 296; x_wconf 65' lang='grc' dir='ltr'><strong><em>ς</em></strong></span> <span class='ocrx_word' id='word_1_15' title='bbox 1013 233 1057 285; x_wconf 81' lang='grc'>405</span> 
     </span>
     <span class='ocr_line' id='line_1_3' title="bbox 251 311 781 386; baseline -0.009 -17"><span class='ocrx_word' id='word_1_16' title='bbox 251 314 407 386; x_wconf 85' lang='lat' dir='ltr'>Mergetur‚</span> <span class='ocrx_word' id='word_1_17' title='bbox 426 313 502 368; x_wconf 85' lang='lat' dir='ltr'>visus</span> <span class='ocrx_word' id='word_1_18' title='bbox 521 311 691 382; x_wconf 83' lang='lat' dir='ltr'>effugietque</span> <span class='ocrx_word' id='word_1_19' title='bbox 708 317 781 366; x_wconf 88' lang='lat' dir='ltr'>tuos.</span> 
     </span>
     <span class='ocr_line' id='line_1_4' title="bbox 214 391 1022 465; baseline -0.005 -13"><span class='ocrx_word' id='word_1_20' title='bbox 214 397 255 453; x_wconf 85' lang='lat' dir='ltr'>At</span> <span class='ocrx_word' id='word_1_21' title='bbox 271 414 329 450; x_wconf 90' lang='lat' dir='ltr'>non</span> <span class='ocrx_word' id='word_1_22' title='bbox 346 394 461 465; x_wconf 85' lang='lat' dir='ltr'>effugiet</span> <span class='ocrx_word' id='word_1_23' title='bbox 478 392 664 447; x_wconf 88' lang='lat' dir='ltr'>Vindemitor.</span> <span class='ocrx_word' id='word_1_24' title='bbox 701 391 766 446; x_wconf 89' lang='lat' dir='ltr'>Hoc</span> <span class='ocrx_word' id='word_1_25' title='bbox 784 409 894 464; x_wconf 88' lang='lat' dir='ltr'>quoquc</span> <span class='ocrx_word' id='word_1_26' title='bbox 912 411 1022 448; x_wconf 79' lang='lat' dir='ltr'>eausam</span> 
     </span>
     <span class='ocr_line' id='line_1_5' title="bbox 249 474 934 546; baseline -0.009 -12"><span class='ocrx_word' id='word_1_27' title='bbox 249 477 334 534; x_wconf 88' lang='lat' dir='ltr'>Unde</span> <span class='ocrx_word' id='word_1_28' title='bbox 351 477 445 532; x_wconf 85' lang='lat' dir='ltr'>trehet</span> <span class='ocrx_word' id='word_1_29' title='bbox 462 476 547 539; x_wconf 85' lang='lat' dir='ltr'>sidus,</span> <span class='ocrx_word' id='word_1_30' title='bbox 566 493 653 546; x_wconf 73' lang='lat' dir='ltr'>parm</span> <span class='ocrx_word' id='word_1_31' title='bbox 669 474 769 529; x_wconf 88' lang='lat' dir='ltr'>docere</span> <span class='ocrx_word' id='word_1_32' title='bbox 786 492 864 528; x_wconf 87' lang='lat' dir='ltr'>more</span> <span class='ocrx_word' id='word_1_33' title='bbox 881 480 934 530; x_wconf 87' lang='lat' dir='ltr'>est.</span> 
     </span>
     <span class='ocr_line' id='line_1_6' title="bbox 214 555 989 631; baseline -0.005 -16"><span class='ocrx_word' id='word_1_34' title='bbox 214 559 354 631; x_wconf 81' lang='lat' dir='ltr'><strong>Ampelon</strong></span> <span class='ocrx_word' id='word_1_35' title='bbox 370 559 512 612; x_wconf 87' lang='lat' dir='ltr'>intonsum</span> <span class='ocrx_word' id='word_1_36' title='bbox 531 556 639 627; x_wconf 78' lang='lat' dir='ltr'><strong>Satyris</strong></span> <span class='ocrx_word' id='word_1_37' title='bbox 658 555 847 628; x_wconf 76' lang='lat' dir='ltr'><strong>Nymphaque</strong></span> <span class='ocrx_word' id='word_1_38' title='bbox 864 561 989 611; x_wconf 84' lang='lat' dir='ltr'>ereetum</span> 
     </span>
     <span class='ocr_line' id='line_1_7' title="bbox 251 637 1121 720; baseline -0.003 -24"><span class='ocrx_word' id='word_1_39' title='bbox 251 640 355 696; x_wconf 80' lang='lat' dir='ltr'>Fertur</span> <span class='ocrx_word' id='word_1_40' title='bbox 372 640 402 694; x_wconf 91' lang='lat' dir='ltr'>in</span> <span class='ocrx_word' id='word_1_41' title='bbox 419 638 543 694; x_wconf 80' lang='lat' dir='ltr'>Ismariis</span> <span class='ocrx_word' id='word_1_42' title='bbox 562 637 687 693; x_wconf 81' lang='lat' dir='ltr'>Bacchus</span> <span class='ocrx_word' id='word_1_43' title='bbox 706 656 811 692; x_wconf 82' lang='lat' dir='ltr'>amasse</span> <span class='ocrx_word' id='word_1_44' title='bbox 827 638 912 708; x_wconf 86' lang='lat' dir='ltr'>jugis.</span> <span class='ocrx_word' id='word_1_45' title='bbox 1012 642 1060 693; x_wconf 92' lang='grc'>410</span> <span class='ocrx_word' id='word_1_46' title='bbox 1081 693 1121 720; x_wconf 35' lang='grc' dir='ltr'>Ἰ,</span> 
     </span>
     <span class='ocr_line' id='line_1_8' title="bbox 215 718 982 791; baseline -0.005 -12"><span class='ocrx_word' id='word_1_47' title='bbox 215 721 343 779; x_wconf 71' lang='lat' dir='ltr'>Tradidit</span> <span class='ocrx_word' id='word_1_48' title='bbox 359 721 425 776; x_wconf 89' lang='lat' dir='ltr'>huic</span> <span class='ocrx_word' id='word_1_49' title='bbox 442 722 529 776; x_wconf 88' lang='lat' dir='ltr'>vitem</span> <span class='ocrx_word' id='word_1_50' title='bbox 545 720 715 791; x_wconf 88' lang='lat' dir='ltr'>pendentem</span> <span class='ocrx_word' id='word_1_51' title='bbox 733 718 878 774; x_wconf 83' lang='lat' dir='ltr'>frondibus</span> <span class='ocrx_word' id='word_1_52' title='bbox 896 719 982 785; x_wconf 89' lang='lat' dir='ltr'>ulmi;</span> 
     </span>
     <span class='ocr_line' id='line_1_9' title="bbox 250 801 921 874; baseline -0.004 -15"><span class='ocrx_word' id='word_1_53' title='bbox 250 804 320 873; x_wconf 80' lang='lat' dir='ltr'>Quae</span> <span class='ocrx_word' id='word_1_54' title='bbox 337 822 411 858; x_wconf 90' lang='lat' dir='ltr'>nuno</span> <span class='ocrx_word' id='word_1_55' title='bbox 429 802 464 858; x_wconf 92' lang='lat' dir='ltr'>de</span> <span class='ocrx_word' id='word_1_56' title='bbox 481 802 561 874; x_wconf 88' lang='lat' dir='ltr'>pueri</span> <span class='ocrx_word' id='word_1_57' title='bbox 578 801 691 856; x_wconf 88' lang='lat' dir='ltr'>nomine</span> <span class='ocrx_word' id='word_1_58' title='bbox 708 820 810 856; x_wconf 90' lang='lat' dir='ltr'>nomen</span> <span class='ocrx_word' id='word_1_59' title='bbox 828 801 921 856; x_wconf 86' lang='lat' dir='ltr'>hebet.</span> 
     </span>
     <span class='ocr_line' id='line_1_10' title="bbox 213 883 899 957; baseline -0.007 -14"><span class='ocrx_word' id='word_1_60' title='bbox 213 887 291 943; x_wconf 89' lang='lat' dir='ltr'>Dum</span> <span class='ocrx_word' id='word_1_61' title='bbox 307 886 376 957; x_wconf 85' lang='lat' dir='ltr'>legit</span> <span class='ocrx_word' id='word_1_62' title='bbox 392 886 423 940; x_wconf 90' lang='lat' dir='ltr'>in</span> <span class='ocrx_word' id='word_1_63' title='bbox 439 902 517 939; x_wconf 82' lang='lat' dir='ltr'>remo</span> <span class='ocrx_word' id='word_1_64' title='bbox 534 884 623 956; x_wconf 86' lang='lat' dir='ltr'>pictus</span> <span class='ocrx_word' id='word_1_65' title='bbox 640 883 805 939; x_wconf 75' lang='lat' dir='ltr'>temerarius</span> <span class='ocrx_word' id='word_1_66' title='bbox 822 901 899 948; x_wconf 87' lang='lat' dir='ltr'>uvas,</span> 
     </span>
     <span class='ocr_line' id='line_1_11' title="bbox 249 965 874 1024; baseline -0.008 0"><span class='ocrx_word' id='word_1_67' title='bbox 249 968 376 1024; x_wconf 85' lang='lat' dir='ltr'>Decidit:</span> <span class='ocrx_word' id='word_1_68' title='bbox 397 967 528 1022; x_wconf 82' lang='lat' dir='ltr'>amissum</span> <span class='ocrx_word' id='word_1_69' title='bbox 545 965 631 1022; x_wconf 87' lang='lat' dir='ltr'>Liber</span> <span class='ocrx_word' id='word_1_70' title='bbox 648 965 678 1020; x_wconf 89' lang='lat' dir='ltr'>in</span> <span class='ocrx_word' id='word_1_71' title='bbox 696 971 771 1020; x_wconf 81' lang='lat' dir='ltr'>estre</span> <span class='ocrx_word' id='word_1_72' title='bbox 788 965 874 1020; x_wconf 85' lang='lat' dir='ltr'>vehit.</span> 
     </span>
    </p>
   </div>
   <div class='ocr_carea' id='block_1_3' title="bbox 213 1128 1121 2265">
    <p class='ocr_par' dir='ltr' id='par_1_3' title="bbox 213 1128 1121 2265">
     <span class='ocr_line' id='line_1_12' title="bbox 216 1128 1062 1201; baseline 0 -15"><span class='ocrx_word' id='word_1_73' title='bbox 216 1131 317 1188; x_wconf 83' lang='lat' dir='ltr'>Sextus</span> <span class='ocrx_word' id='word_1_74' title='bbox 334 1131 385 1186; x_wconf 90' lang='lat' dir='ltr'>ubi</span> <span class='ocrx_word' id='word_1_75' title='bbox 402 1129 514 1186; x_wconf 77' lang='lat' dir='ltr'>Oceano</span> <span class='ocrx_word' id='word_1_76' title='bbox 532 1130 665 1185; x_wconf 83' lang='lat' dir='ltr'><strong>clivosum</strong></span> <span class='ocrx_word' id='word_1_77' title='bbox 683 1129 792 1185; x_wconf 78' lang='lat' dir='ltr'><strong>scandit</strong></span> <span class='ocrx_word' id='word_1_78' title='bbox 811 1128 966 1201; x_wconf 89' lang='lat' dir='ltr'><strong>Olympum</strong></span> <span class='ocrx_word' id='word_1_79' title='bbox 1013 1134 1062 1186; x_wconf 86' lang='grc'>415</span> 
     </span>
     <span class='ocr_line' id='line_1_13' title="bbox 251 1211 868 1283; baseline -0.006 -15"><span class='ocrx_word' id='word_1_80' title='bbox 251 1212 382 1276; x_wconf 71' lang='lat' dir='ltr'>Phoebus,</span> <span class='ocrx_word' id='word_1_81' title='bbox 402 1218 431 1268; x_wconf 89' lang='lat' dir='ltr'>et</span> <span class='ocrx_word' id='word_1_82' title='bbox 449 1211 528 1267; x_wconf 79' lang='lat' dir='ltr'>aletis</span> <span class='ocrx_word' id='word_1_83' title='bbox 546 1211 650 1267; x_wconf 79' lang='lat' dir='ltr'>ethere</span> <span class='ocrx_word' id='word_1_84' title='bbox 668 1211 756 1283; x_wconf 74' lang='lat' dir='ltr'>cei-pit</span> <span class='ocrx_word' id='word_1_85' title='bbox 774 1212 868 1283; x_wconf 87' lang='lat' dir='ltr'>equis;</span> 
     </span>
     <span class='ocr_line' id='line_1_14' title="bbox 217 1291 968 1366; baseline -0.003 -16"><span class='ocrx_word' id='word_1_86' title='bbox 217 1294 349 1366; x_wconf 79' lang='lat' dir='ltr'>Quisquis</span> <span class='ocrx_word' id='word_1_87' title='bbox 368 1293 443 1357; x_wconf 84' lang='lat' dir='ltr'>edes,</span> <span class='ocrx_word' id='word_1_88' title='bbox 462 1312 591 1364; x_wconf 85' lang='lat' dir='ltr'>ounaequc</span> <span class='ocrx_word' id='word_1_89' title='bbox 609 1293 675 1348; x_wconf 89' lang='lat' dir='ltr'>colis</span> <span class='ocrx_word' id='word_1_90' title='bbox 692 1293 846 1364; x_wconf 76' lang='lat' dir='ltr'>penetralia</span> <span class='ocrx_word' id='word_1_91' title='bbox 862 1291 968 1358; x_wconf 84' lang='lat' dir='ltr'>Vestae,</span> 
     </span>
     <span class='ocr_line' id='line_1_15' title="bbox 251 1374 816 1447; baseline -0.007 -15"><span class='ocrx_word' id='word_1_92' title='bbox 251 1376 366 1432; x_wconf 76' lang='lat' dir='ltr'>Cretera</span> <span class='ocrx_word' id='word_1_93' title='bbox 383 1374 476 1430; x_wconf 84' lang='lat' dir='ltr'>Iliecis</span> <span class='ocrx_word' id='word_1_94' title='bbox 494 1374 632 1447; x_wconf 76' lang='lat' dir='ltr'>thuraque</span> <span class='ocrx_word' id='word_1_95' title='bbox 649 1393 722 1446; x_wconf 88' lang='lat' dir='ltr'>pone</span> <span class='ocrx_word' id='word_1_96' title='bbox 741 1374 816 1429; x_wconf 88' lang='lat' dir='ltr'>focis.</span> 
     </span>
     <span class='ocr_line' id='line_1_16' title="bbox 217 1455 923 1529; baseline -0.006 -16"><span class='ocrx_word' id='word_1_97' title='bbox 217 1458 332 1514; x_wconf 82' lang='lat' dir='ltr'>Gaeseris</span> <span class='ocrx_word' id='word_1_98' title='bbox 351 1457 511 1521; x_wconf 87' lang='lat' dir='ltr'>innumeris,</span> <span class='ocrx_word' id='word_1_99' title='bbox 531 1476 616 1529; x_wconf 94' lang='lat' dir='ltr'>quem</span> <span class='ocrx_word' id='word_1_100' title='bbox 633 1456 733 1512; x_wconf 77' lang='lat' dir='ltr'>meluit</span> <span class='ocrx_word' id='word_1_101' title='bbox 751 1457 798 1510; x_wconf 92' lang='lat' dir='ltr'>ille</span> <span class='ocrx_word' id='word_1_102' title='bbox 814 1455 923 1519; x_wconf 87' lang='lat' dir='ltr'>mereri,</span> 
     </span>
     <span class='ocr_line' id='line_1_17' title="bbox 249 1538 1121 1610; baseline 0.001 -17"><span class='ocrx_word' id='word_1_103' title='bbox 249 1539 376 1595; x_wconf 85' lang='lat' dir='ltr'>Accessit</span> <span class='ocrx_word' id='word_1_104' title='bbox 391 1538 482 1594; x_wconf 86' lang='lat' dir='ltr'>titulis</span> <span class='ocrx_word' id='word_1_105' title='bbox 499 1539 666 1610; x_wconf 76' lang='lat' dir='ltr'>pontificalis</span> <span class='ocrx_word' id='word_1_106' title='bbox 685 1538 783 1593; x_wconf 84' lang='lat' dir='ltr'>honos.</span> <span class='ocrx_word' id='word_1_107' title='bbox 1016 1540 1068 1594; x_wconf 74' lang='lat' dir='ltr'>mo</span> <span class='ocrx_word' id='word_1_108' title='bbox 1120 1549 1121 1568; x_wconf 66' lang='lat'>¹</span> 
     </span>
     <span class='ocr_line' id='line_1_18' title="bbox 214 1620 845 1694; baseline -0.006 -18"><span class='ocrx_word' id='word_1_109' title='bbox 214 1621 332 1694; x_wconf 78' lang='lat' dir='ltr'>Ignibus</span> <span class='ocrx_word' id='word_1_110' title='bbox 351 1621 460 1675; x_wconf 82' lang='lat' dir='ltr'>aeternis</span> <span class='ocrx_word' id='word_1_111' title='bbox 478 1621 575 1676; x_wconf 76' lang='lat' dir='ltr'>oeterni</span> <span class='ocrx_word' id='word_1_112' title='bbox 592 1620 707 1675; x_wconf 85' lang='lat' dir='ltr'>numine</span> <span class='ocrx_word' id='word_1_113' title='bbox 723 1624 845 1692; x_wconf 76' lang='lat' dir='ltr'>praesunt</span> 
     </span>
     <span class='ocr_line' id='line_1_19' title="bbox 248 1700 872 1775; baseline -0.006 -17"><span class='ocrx_word' id='word_1_114' title='bbox 248 1702 370 1758; x_wconf 82' lang='lat' dir='ltr'>Oaeseris.</span> <span class='ocrx_word' id='word_1_115' title='bbox 407 1702 523 1775; x_wconf 89' lang='lat' dir='ltr'>Imperii</span> <span class='ocrx_word' id='word_1_116' title='bbox 539 1703 657 1774; x_wconf 87' lang='lat' dir='ltr'>pignore</span> <span class='ocrx_word' id='word_1_117' title='bbox 671 1704 770 1774; x_wconf 84' lang='lat' dir='ltr'>juncte</span> <span class='ocrx_word' id='word_1_118' title='bbox 786 1700 872 1755; x_wconf 84' lang='lat' dir='ltr'>vides.</span> 
     </span>
     <span class='ocr_line' id='line_1_20' title="bbox 213 1782 894 1855; baseline -0.006 -16"><span class='ocrx_word' id='word_1_119' title='bbox 213 1783 259 1840; x_wconf 87' lang='lat' dir='ltr'>De</span> <span class='ocrx_word' id='word_1_120' title='bbox 276 1784 378 1839; x_wconf 82' lang='lat' dir='ltr'>veteris</span> <span class='ocrx_word' id='word_1_121' title='bbox 396 1783 485 1855; x_wconf 82' lang='lat' dir='ltr'>Trojae</span> <span class='ocrx_word' id='word_1_122' title='bbox 504 1783 665 1855; x_wconf 84' lang='lat' dir='ltr'>dignissime</span> <span class='ocrx_word' id='word_1_123' title='bbox 682 1783 775 1855; x_wconf 83' lang='lat' dir='ltr'>praedu</span> <span class='ocrx_word' id='word_1_124' title='bbox 792 1782 894 1847; x_wconf 81' lang='lat' dir='ltr'>favilla,</span> 
     </span>
     <span class='ocr_line' id='line_1_21' title="bbox 250 1864 1120 1936; baseline -0.002 -16"><span class='ocrx_word' id='word_1_125' title='bbox 250 1865 314 1934; x_wconf 80' lang='lat' dir='ltr'>Qua</span> <span class='ocrx_word' id='word_1_126' title='bbox 331 1865 422 1936; x_wconf 77' lang='lat' dir='ltr'>gravis</span> <span class='ocrx_word' id='word_1_127' title='bbox 440 1865 545 1920; x_wconf 82' lang='lat' dir='ltr'>AEneas</span> <span class='ocrx_word' id='word_1_128' title='bbox 562 1871 641 1921; x_wconf 90' lang='lat' dir='ltr'>tutus</span> <span class='ocrx_word' id='word_1_129' title='bbox 659 1866 694 1920; x_wconf 85' lang='lat' dir='ltr'>eb</span> <span class='ocrx_word' id='word_1_130' title='bbox 712 1865 792 1920; x_wconf 90' lang='lat' dir='ltr'>hoste</span> <span class='ocrx_word' id='word_1_131' title='bbox 810 1864 879 1929; x_wconf 86' lang='lat' dir='ltr'>fuit;</span> <span class='ocrx_word' id='word_1_132' title='bbox 1119 1907 1120 1912; x_wconf 22' lang='lat'>¹</span> 
     </span>
     <span class='ocr_line' id='line_1_22' title="bbox 215 1947 1071 2020; baseline 0 -18"><span class='ocrx_word' id='word_1_133' title='bbox 215 1947 302 2003; x_wconf 86' lang='lat' dir='ltr'>Ortus</span> <span class='ocrx_word' id='word_1_134' title='bbox 321 1948 356 2003; x_wconf 82' lang='lat' dir='ltr'>cb</span> <span class='ocrx_word' id='word_1_135' title='bbox 374 1947 466 2003; x_wconf 82' lang='lat' dir='ltr'>AEnee</span> <span class='ocrx_word' id='word_1_136' title='bbox 482 1949 574 2020; x_wconf 72' lang='lat' dir='ltr'>tangit</span> <span class='ocrx_word' id='word_1_137' title='bbox 591 1954 709 2019; x_wconf 81' lang='lat' dir='ltr'>cognate</span> <span class='ocrx_word' id='word_1_138' title='bbox 726 1947 853 2002; x_wconf 76' lang='lat' dir='ltr'>sacerdos</span> <span class='ocrx_word' id='word_1_139' title='bbox 1017 1950 1071 2002; x_wconf 80' lang='grc'>425</span> 
     </span>
     <span class='ocr_line' id='line_1_23' title="bbox 249 2028 888 2100; baseline -0.003 -15"><span class='ocrx_word' id='word_1_140' title='bbox 249 2029 390 2093; x_wconf 81' lang='grc' dir='ltr'>Ν111111;</span> <span class='ocrx_word' id='word_1_141' title='bbox 410 2035 565 2100; x_wconf 79' lang='lat' dir='ltr'>cognatum,</span> <span class='ocrx_word' id='word_1_142' title='bbox 584 2028 681 2093; x_wconf 85' lang='lat' dir='ltr'>Veste,</span> <span class='ocrx_word' id='word_1_143' title='bbox 700 2035 780 2084; x_wconf 88' lang='lat' dir='ltr'>tuere</span> <span class='ocrx_word' id='word_1_144' title='bbox 797 2033 888 2099; x_wconf 84' lang='lat' dir='ltr'>ceput.</span> 
     </span>
     <span class='ocr_line' id='line_1_24' title="bbox 214 2110 982 2181; baseline -0.001 -15"><span class='ocrx_word' id='word_1_145' title='bbox 214 2112 291 2181; x_wconf 82' lang='lat' dir='ltr'>Quos</span> <span class='ocrx_word' id='word_1_146' title='bbox 310 2117 405 2166; x_wconf 80' lang='lat' dir='ltr'>sancta</span> <span class='ocrx_word' id='word_1_147' title='bbox 421 2110 498 2166; x_wconf 86' lang='lat' dir='ltr'>fovet</span> <span class='ocrx_word' id='word_1_148' title='bbox 515 2112 563 2166; x_wconf 86' lang='lat' dir='ltr'>illc</span> <span class='ocrx_word' id='word_1_149' title='bbox 580 2129 673 2175; x_wconf 80' lang='lat' dir='ltr'>manu,</span> <span class='ocrx_word' id='word_1_150' title='bbox 691 2111 763 2166; x_wconf 89' lang='lat' dir='ltr'>bene</span> <span class='ocrx_word' id='word_1_151' title='bbox 781 2110 875 2180; x_wconf 76' lang='lat' dir='ltr'>viyitis</span> <span class='ocrx_word' id='word_1_152' title='bbox 894 2111 982 2181; x_wconf 75' lang='lat' dir='ltr'>ignes.</span> 
     </span>
     <span class='ocr_line' id='line_1_25' title="bbox 249 2193 976 2265; baseline 0 -17"><span class='ocrx_word' id='word_1_153' title='bbox 249 2193 345 2249; x_wconf 84' lang='lat' dir='ltr'>Vivite</span> <span class='ocrx_word' id='word_1_154' title='bbox 363 2193 529 2259; x_wconf 85' lang='lat' dir='ltr'>inexstincti,</span> <span class='ocrx_word' id='word_1_155' title='bbox 548 2193 714 2265; x_wconf 80' lang='lat' dir='ltr'>flammaque</span> <span class='ocrx_word' id='word_1_156' title='bbox 732 2193 851 2265; x_wconf 85' lang='lat' dir='ltr'>duxque,</span> <span class='ocrx_word' id='word_1_157' title='bbox 869 2211 976 2265; x_wconf 82' lang='lat' dir='ltr'>precor.</span> 
     </span>
    </p>
   </div>
   <div class='ocr_carea' id='block_1_4' title="bbox 212 2355 1075 2510">
    <p class='ocr_par' dir='ltr' id='par_1_4' title="bbox 212 2355 1075 2510">
     <span class='ocr_line' id='line_1_26' title="bbox 212 2355 957 2428; baseline -0.003 -14"><span class='ocrx_word' id='word_1_158' title='bbox 212 2357 278 2414; x_wconf 83' lang='lat' dir='ltr'>Um.</span> <span class='ocrx_word' id='word_1_159' title='bbox 294 2362 361 2412; x_wconf 81' lang='lat' dir='ltr'>note</span> <span class='ocrx_word' id='word_1_160' title='bbox 378 2361 422 2412; x_wconf 90' lang='lat' dir='ltr'>est</span> <span class='ocrx_word' id='word_1_161' title='bbox 439 2355 542 2412; x_wconf 76' lang='lat' dir='ltr'>Martis</span> <span class='ocrx_word' id='word_1_162' title='bbox 560 2357 590 2413; x_wconf 94' lang='lat' dir='ltr'><strong>N</strong></span> <span class='ocrx_word' id='word_1_163' title='bbox 592 2356 667 2412; x_wconf 88' lang='lat' dir='ltr'>onis:</span> <span class='ocrx_word' id='word_1_164' title='bbox 688 2362 795 2412; x_wconf 78' lang='lat' dir='ltr'>secrete</span> <span class='ocrx_word' id='word_1_165' title='bbox 811 2356 888 2428; x_wconf 85' lang='lat' dir='ltr'>quod</span> <span class='ocrx_word' id='word_1_166' title='bbox 904 2355 957 2412; x_wconf 93' lang='lat' dir='ltr'>illis</span> 
     </span>
     <span class='ocr_line' id='line_1_27' title="bbox 247 2437 1075 2510; baseline 0.002 -16"><span class='ocrx_word' id='word_1_167' title='bbox 247 2438 363 2510; x_wconf 81' lang='lat' dir='ltr'>Temple</span> <span class='ocrx_word' id='word_1_168' title='bbox 379 2443 481 2509; x_wconf 74' lang='lat' dir='ltr'>putent</span> <span class='ocrx_word' id='word_1_169' title='bbox 497 2440 575 2494; x_wconf 86' lang='lat' dir='ltr'>lucos</span> <span class='ocrx_word' id='word_1_170' title='bbox 592 2437 708 2510; x_wconf 85' lang='lat' dir='ltr'>Vejovis</span> <span class='ocrx_word' id='word_1_171' title='bbox 726 2444 789 2493; x_wconf 85' lang='lat' dir='ltr'>ente</span> <span class='ocrx_word' id='word_1_172' title='bbox 808 2438 886 2493; x_wconf 83' lang='lat' dir='ltr'>duos.</span> <span class='ocrx_word' id='word_1_173' title='bbox 1018 2443 1075 2496; x_wconf 78' lang='lat'>4³0</span> 
     </span>
    </p>
   </div>
   <div class='ocr_carea' id='block_1_5' title="bbox 212 2519 917 2757">
    <p class='ocr_par' dir='ltr' id='par_1_5' title="bbox 212 2505 1119 2757">
     <span class='ocr_line' id='line_1_28' title="bbox 212 2519 876 2584; baseline -0.004 -6"><span class='ocrx_word' id='word_1_174' title='bbox 212 2521 349 2578; x_wconf 78' lang='lat' dir='ltr'>Romulus</span> <span class='ocrx_word' id='word_1_175' title='bbox 367 2526 400 2574; x_wconf 88' lang='lat' dir='ltr'>ut</span> <span class='ocrx_word' id='word_1_176' title='bbox 418 2538 482 2575; x_wconf 82' lang='lat' dir='ltr'>saxo</span> <span class='ocrx_word' id='word_1_177' title='bbox 499 2519 593 2576; x_wconf 87' lang='lat' dir='ltr'>lucum</span> <span class='ocrx_word' id='word_1_178' title='bbox 612 2520 793 2576; x_wconf 85' lang='lat' dir='ltr'>circumdedit</span> <span class='ocrx_word' id='word_1_179' title='bbox 811 2520 876 2584; x_wconf 81' lang='lat' dir='ltr'>ulto,</span> 
     </span>
     <span class='ocr_line' id='line_1_29' title="bbox 249 2601 917 2675; baseline -0.003 -17"><span class='ocrx_word' id='word_1_180' title='bbox 249 2603 383 2673; x_wconf 79' lang='lat' dir='ltr'>Quilibet,</span> <span class='ocrx_word' id='word_1_181' title='bbox 401 2601 465 2666; x_wconf 89' lang='lat' dir='ltr'>huc,</span> <span class='ocrx_word' id='word_1_182' title='bbox 484 2602 584 2674; x_wconf 89' lang='lat' dir='ltr'>inquit,</span> <span class='ocrx_word' id='word_1_183' title='bbox 604 2603 739 2675; x_wconf 80' lang='lat' dir='ltr'>confuge;</span> <span class='ocrx_word' id='word_1_184' title='bbox 757 2607 836 2657; x_wconf 89' lang='lat' dir='ltr'>tutus</span> <span class='ocrx_word' id='word_1_185' title='bbox 855 2603 917 2656; x_wconf 85' lang='lat' dir='ltr'>eris.</span> 
     </span>
     <span class='ocr_line' id='line_1_30' title="bbox 213 2683 893 2757; baseline -0.004 -16"><span class='ocrx_word' id='word_1_186' title='bbox 213 2687 336 2757; x_wconf 80' lang='lat' dir='ltr'>Oquum</span> <span class='ocrx_word' id='word_1_187' title='bbox 354 2685 388 2740; x_wconf 87' lang='lat' dir='ltr'>de</span> <span class='ocrx_word' id='word_1_188' title='bbox 406 2683 485 2739; x_wconf 87' lang='lat' dir='ltr'>tenui</span> <span class='ocrx_word' id='word_1_189' title='bbox 502 2684 645 2740; x_wconf 72' lang='lat' dir='ltr'>Romanus</span> <span class='ocrx_word' id='word_1_190' title='bbox 664 2685 771 2756; x_wconf 89' lang='lat' dir='ltr'>origine</span> <span class='ocrx_word' id='word_1_191' title='bbox 790 2684 893 2739; x_wconf 71' lang='lat' dir='ltr'>crevit!</span> 
     </span>
    </p>
   </div>
   <div class='ocr_carea' id='block_1_6' title="bbox 212 2767 1118 3324">
    <p class='ocr_par' dir='ltr' id='par_1_6' title="bbox 212 2767 1118 3324">
     <span class='ocr_line' id='line_1_31' title="bbox 248 2767 860 2839; baseline -0.005 -16"><span class='ocrx_word' id='word_1_192' title='bbox 248 2768 344 2824; x_wconf 70' lang='grc'>1111111</span> <span class='ocrx_word' id='word_1_193' title='bbox 360 2771 440 2822; x_wconf 88' lang='lat' dir='ltr'>vetus</span> <span class='ocrx_word' id='word_1_194' title='bbox 458 2785 543 2839; x_wconf 88' lang='lat' dir='ltr'>quem</span> <span class='ocrx_word' id='word_1_195' title='bbox 561 2786 620 2822; x_wconf 90' lang='lat' dir='ltr'>non</span> <span class='ocrx_word' id='word_1_196' title='bbox 638 2767 774 2822; x_wconf 82' lang='lat' dir='ltr'>invidiose</span> <span class='ocrx_word' id='word_1_197' title='bbox 792 2767 860 2821; x_wconf 86' lang='lat' dir='ltr'>fuit!</span> 
     </span>
     <span class='ocr_line' id='line_1_32' title="bbox 212 2827 1118 2940; baseline -0.003 -35"><span class='ocrx_word' id='word_1_198' title='bbox 212 2849 244 2909; x_wconf 91' lang='lat' dir='ltr'><strong>N</strong></span> <span class='ocrx_word' id='word_1_199' title='bbox 245 2869 260 2905; x_wconf 87' lang='lat' dir='ltr'>e</span> <span class='ocrx_word' id='word_1_200' title='bbox 278 2855 372 2904; x_wconf 86' lang='lat' dir='ltr'>temen</span> <span class='ocrx_word' id='word_1_201' title='bbox 389 2848 486 2919; x_wconf 80' lang='lat' dir='ltr'>ignoro</span> <span class='ocrx_word' id='word_1_202' title='bbox 502 2849 611 2904; x_wconf 82' lang='lat' dir='ltr'>novitus</span> <span class='ocrx_word' id='word_1_203' title='bbox 629 2848 682 2903; x_wconf 89' lang='lat' dir='ltr'>tibi</span> <span class='ocrx_word' id='word_1_204' title='bbox 698 2848 818 2903; x_wconf 86' lang='lat' dir='ltr'>nominis</span> <span class='ocrx_word' id='word_1_205' title='bbox 837 2847 938 2912; x_wconf 89' lang='lat' dir='ltr'>obstet,</span> <span class='ocrx_word' id='word_1_206' title='bbox 1018 2855 1081 2908; x_wconf 82' lang='grc'>435</span> <span class='ocrx_word' id='word_1_207' title='bbox 1109 2827 1118 2940; x_wconf 52' lang='lat' dir='ltr'>i</span> 
     </span>
     <span class='ocr_line' id='line_1_33' title="bbox 248 2929 1118 3001; baseline -0.005 -16"><span class='ocrx_word' id='word_1_208' title='bbox 248 2929 333 2985; x_wconf 89' lang='lat' dir='ltr'>Disce</span> <span class='ocrx_word' id='word_1_209' title='bbox 351 2929 414 3001; x_wconf 86' lang='lat' dir='ltr'>quis</span> <span class='ocrx_word' id='word_1_210' title='bbox 430 2929 484 2985; x_wconf 88' lang='lat' dir='ltr'>iste</span> <span class='ocrx_word' id='word_1_211' title='bbox 503 2929 579 2995; x_wconf 90' lang='lat' dir='ltr'>dens,</span> <span class='ocrx_word' id='word_1_212' title='bbox 599 2947 682 2985; x_wconf 85' lang='lat' dir='ltr'>curve</span> <span class='ocrx_word' id='word_1_213' title='bbox 699 2935 815 2985; x_wconf 77' lang='lat' dir='ltr'>vocetur</span> <span class='ocrx_word' id='word_1_214' title='bbox 831 2929 878 2984; x_wconf 83' lang='lat' dir='ltr'>ite.</span> <span class='ocrx_word' id='word_1_215' title='bbox 1112 2971 1118 2981; x_wconf 81' lang='grc'><strong>.</strong></span> 
     </span>
     <span class='ocr_line' id='line_1_34' title="bbox 213 2997 1118 3114; baseline -0.003 -45"><span class='ocrx_word' id='word_1_216' title='bbox 213 3013 328 3084; x_wconf 83' lang='lat' dir='ltr'>Jupiter</span> <span class='ocrx_word' id='word_1_217' title='bbox 345 3017 388 3067; x_wconf 89' lang='lat' dir='ltr'>est</span> <span class='ocrx_word' id='word_1_218' title='bbox 402 3011 532 3082; x_wconf 82' lang='lat' dir='ltr'>juvenis:</span> <span class='ocrx_word' id='word_1_219' title='bbox 549 3011 687 3084; x_wconf 85' lang='lat' dir='ltr'>juveniles</span> <span class='ocrx_word' id='word_1_220' title='bbox 706 3011 816 3082; x_wconf 86' lang='lat' dir='ltr'>edspice</span> <span class='ocrx_word' id='word_1_221' title='bbox 833 3010 946 3066; x_wconf 86' lang='lat' dir='ltr'>vultus:</span> <span class='ocrx_word' id='word_1_222' title='bbox 1111 2997 1118 3114; x_wconf 44' lang='lat' dir='ltr'>i</span> 
     </span>
     <span class='ocr_line' id='line_1_35' title="bbox 248 3090 965 3160; baseline 0.001 -14"><span class='ocrx_word' id='word_1_223' title='bbox 248 3092 369 3160; x_wconf 83' lang='lat' dir='ltr'>Adspice</span> <span class='ocrx_word' id='word_1_224' title='bbox 387 3090 487 3146; x_wconf 88' lang='lat' dir='ltr'>deinde</span> <span class='ocrx_word' id='word_1_225' title='bbox 503 3111 632 3147; x_wconf 84' lang='lat' dir='ltr'>menum:</span> <span class='ocrx_word' id='word_1_226' title='bbox 653 3093 769 3147; x_wconf 87' lang='lat' dir='ltr'>fulmine</span> <span class='ocrx_word' id='word_1_227' title='bbox 786 3092 863 3146; x_wconf 83' lang='lat' dir='ltr'>nullu</span> <span class='ocrx_word' id='word_1_228' title='bbox 879 3098 965 3148; x_wconf 88' lang='lat' dir='ltr'>tenet.</span> 
     </span>
     <span class='ocr_line' id='line_1_36' title="bbox 214 3170 961 3245; baseline 0.009 -22"><span class='ocrx_word' id='word_1_229' title='bbox 214 3170 352 3232; x_wconf 77' lang='lat' dir='ltr'>Fulmina,</span> <span class='ocrx_word' id='word_1_230' title='bbox 370 3174 433 3237; x_wconf 88' lang='lat' dir='ltr'>post</span> <span class='ocrx_word' id='word_1_231' title='bbox 451 3187 531 3226; x_wconf 76' lang='lat' dir='ltr'>ausos</span> <span class='ocrx_word' id='word_1_232' title='bbox 551 3172 649 3228; x_wconf 86' lang='lat' dir='ltr'>ooelum</span> <span class='ocrx_word' id='word_1_233' title='bbox 667 3173 798 3228; x_wconf 81' lang='lat' dir='ltr'>affectare</span> <span class='ocrx_word' id='word_1_234' title='bbox 817 3173 961 3245; x_wconf 77' lang='lat' dir='ltr'>Gigantes,</span> 
     </span>
     <span class='ocr_line' id='line_1_37' title="bbox 250 3246 1084 3324; baseline 0.017 -22"><span class='ocrx_word' id='word_1_235' title='bbox 250 3246 349 3302; x_wconf 78' lang='lat' dir='ltr'>Sumte</span> <span class='ocrx_word' id='word_1_236' title='bbox 365 3246 387 3300; x_wconf 86' lang='lat' dir='ltr'><strong>J</strong></span> <span class='ocrx_word' id='word_1_237' title='bbox 387 3248 447 3312; x_wconf 83' lang='lat' dir='ltr'>ovi;</span> <span class='ocrx_word' id='word_1_238' title='bbox 466 3250 556 3319; x_wconf 87' lang='lat' dir='ltr'>primo</span> <span class='ocrx_word' id='word_1_239' title='bbox 573 3258 699 3324; x_wconf 88' lang='lat' dir='ltr'>tempore</span> <span class='ocrx_word' id='word_1_240' title='bbox 716 3254 829 3310; x_wconf 87' lang='lat' dir='ltr'>inermis</span> <span class='ocrx_word' id='word_1_241' title='bbox 848 3261 916 3311; x_wconf 82' lang='lat' dir='ltr'>eret.</span> <span class='ocrx_word' id='word_1_242' title='bbox 1021 3263 1084 3316; x_wconf 71' lang='lat'>410</span> 
     </span>
    </p>
   </div>
   <div class='ocr_carea' id='block_1_7' title="bbox 0 0 1130 3706">
    <p class='ocr_par' dir='ltr' id='par_1_7' title="bbox 0 0 1130 3706">
     <span class='ocr_line' id='line_1_38' title="bbox 0 0 1130 3706; baseline 0 0"><span class='ocrx_word' id='word_1_243' title='bbox 0 0 1130 3706; x_wconf 95' lang='lat' dir='ltr'> </span> 
     </span>
    </p>
   </div>
  </div>
 </body>
</html>
