2252 3706
101 129 181 204 ιιι]
463 130 589 188 risui.
918 139 953 192 ss

101 276 137 333 N
137 295 168 333 eo
184 277 253 332 milri
269 295 356 349 psrva
372 275 450 340 fides,
471 293 558 330 annos
575 275 640 331 hine
658 275 713 332 isse
730 276 845 348 priores,
903 282 955 337 145

140 360 224 414 Anna
241 359 316 432 quod
334 358 387 414 hoo
407 363 497 429 eospta
514 363 559 412 est
574 372 670 412 meuse
687 358 817 416 Perenna
834 361 895 418 eoh'.

103 439 183 497 Hine
200 442 284 497 etiam
300 446 409 496 veteres
427 440 491 493 initi
506 445 697 494 memorantur
714 441 833 498 honores

140 522 188 578 Ad
204 523 324 595 spatium
341 521 416 584 belli,
435 520 541 593 perfide
560 521 653 584 Poene,
671 522 723 576 tui.

103 603 234 676 Denique
252 605 366 677 quintus
384 603 419 658 ab
437 603 490 657 hoo
509 602 601 658 fuerat
619 602 769 671 Quintilis:
789 612 818 662 et
835 607 900 664 inde

0 732 1 749 ,
140 686 252 758 Incipit,
271 705 288 740 a
305 703 420 740 numero
437 684 550 740 nomina
568 684 693 757 quisquis
711 684 804 742 habet.
901 691 954 746 150

103 768 225 832 Primus,
244 767 376 823 oliviferis
394 765 513 822 Romam
531 766 667 821 deductus
686 767 721 822 ab
739 768 820 834 arvis,

140 848 295 922 Pompilius
311 866 419 904 menses
438 848 525 903 sensit
542 848 637 904 abessa
656 848 734 904 dnos.

104 931 171 987 Sive
188 931 241 986 hoe
258 949 276 985 a
294 929 386 985 Samio
405 929 510 993 doetus,
530 930 578 1002 qui
595 948 676 1002 posse
693 931 801 987 renasci

139 1011 201 1068 Nos
218 1017 316 1084 putat;
335 1010 438 1082 Egeria
456 1012 513 1066 sive
530 1018 662 1068 monente
679 1031 738 1068 sua.

104 1094 162 1150 Sed
178 1100 272 1150 tamen
290 1093 420 1150 errabant
437 1094 590 1148 etiamnum
607 1100 748 1166 tompora3
768 1095 856 1152 donee
901 1101 953 1158 155

140 1175 254 1231 Caesaris
271 1176 302 1229 in
318 1175 414 1230 multis
431 1175 489 1230 haee
508 1193 618 1247 quoque
637 1193 704 1230 oure
720 1176 784 1231 fuit

102 1257 134 1312 N
135 1276 171 1313 οιι
188 1257 246 1312 haeo
263 1257 310 1312 ille
329 1255 396 1312 deus
414 1262 553 1329 tentaeque
570 1257 730 1329 propaginis
748 1264 845 1314 auctor

140 1338 266 1395 Credidit
283 1338 377 1393 offioiis
397 1357 456 1394 esse
471 1339 580 1394 minora
597 1338 669 1393 suis:

101 1421 328 1493 Promissumque
347 1420 400 1474 sibi
416 1421 505 1476 voluit
521 1438 692 1492 praenoseere
710 1421 825 1489 eoelum3

138 1503 168 1558 N
170 1523 201 1559 eo
219 1503 287 1559 deus
304 1503 412 1575 ignotas
429 1502 530 1575 hospes
548 1502 618 1557 inire
637 1502 741 1558 domos.
900 1507 954 1564 160

101 1585 158 1641 Ille
175 1603 265 1641 moras
283 1585 357 1648 solis,
376 1584 476 1657 quibus
494 1585 525 1638 in
542 1602 593 1639 sua
610 1584 690 1656 signa
705 1586 819 1652 rediret,

139 1666 273 1723 Traditur
291 1667 393 1722 exactis
412 1665 579 1738 disposuisse
596 1667 680 1721 notis.

100 1749 133 1804 Ia
151 1749 242 1804 denies
260 1767 340 1804 senos
357 1754 514 1804 tercentum
531 1753 561 1802 et
578 1748 702 1820 quinque
719 1748 817 1805 diebus

138 1830 248 1896 duruit,
267 1837 296 1886 et
314 1850 329 1886 e
346 1831 428 1903 pleno
446 1836 572 1902 tempora
590 1835 689 1902 quarta
707 1831 760 1886 die.

101 1911 162 1968 Hie
179 1913 245 1968 anni
261 1911 360 1967 modus
377 1917 427 1966 est.
464 1912 501 1966 Ιιι
512 1911 632 1967 lustrum
644 1913 773 1969 accedere
786 1914 878 1982 debet,
900 1919 951 1974 165

139 1994 208 2064 Quas
227 1999 434 2050 consummatur
450 1993 585 2066 partibus,
602 2013 660 2050 una
676 1995 745 2052 dies.

102 2158 135 2215 Si
151 2159 218 2214 lieet
236 2159 355 2214 oooultos
373 2159 494 2214 monitus
513 2159 608 2215 audire
625 2158 741 2218 deorum

138 2241 259 2296 Vatibus
268 2265 276 2306 ;
294 2246 328 2295 ut
345 2247 420 2296 certe
438 2241 512 2296 fama
528 2241 612 2296 lisere
628 2247 726 2313 putat:

102 2323 175 2379 Cum
193 2323 230 2378 sis
248 2322 350 2387 officiis,
369 2321 501 2386 Gradivo,
519 2322 645 2378 virilibus
663 2328 753 2394 aptus,

137 2403 193 2460 Dio
210 2405 288 2468 mihi,
305 2410 437 2460 matronae
455 2423 505 2460 eur
521 2410 572 2459 tna
589 2403 662 2460 festa
679 2405 778 2460 colant.
899 2407 952 2465 170

102 2485 150 2542 Sie
167 2505 235 2558 ego:
255 2488 294 2542 sio
310 2487 401 2558 posita
419 2487 490 2541 dixit
507 2485 577 2541 mihi
594 2486 700 2542 easside
718 2486 842 2554 Mavors,

139 2567 197 2623 Sed
213 2573 308 2623 tamen
324 2569 354 2622 in
372 2568 469 2623 dextra
487 2567 599 2622 missilis
616 2567 698 2622 hssta
715 2567 786 2632 fuit;

100 2649 189 2706 Nune
205 2650 327 2722 primum
345 2649 444 2705 studiis
461 2649 545 2722 panis,
565 2649 634 2704 dens
651 2649 728 2704 utilis
747 2650 839 2715 armis,

137 2732 276 2796 Advooor,
296 2738 325 2787 et
342 2749 453 2802 gressus
471 2731 501 2786 in
518 2748 591 2786 nova
608 2736 698 2786 eastra
716 2731 783 2786 fero.

99 2812 133 2869 N
134 2831 165 2868 eo
173 2814 251 2886 piget
261 2813 373 2886 incepti.
393 2811 481 2868 Juvat
491 2812 544 2868 hae
552 2830 663 2884 quoque
674 2815 880 2884 partamorarir
900 2814 952 2874 175

137 2895 204 2952 Eoo
221 2895 307 2951 solam
323 2913 359 2950 ne
377 2913 407 2950 se
424 2913 504 2967 posse
522 2894 654 2950 Minerva
670 2900 759 2966 putet.

5 3023 6 3028 ¹
100 2977 196 3044 Disce,
214 2976 378 3034 Latinorum
395 2983 472 3032 vates
490 2995 605 3049 operose
624 2976 739 3041 dierum

137 3059 224 3130 Quod
240 3060 328 3132 petiae
347 3064 377 3114 et
393 3059 510 3113 memori
525 3063 638 3130 pectora
657 3057 732 3114 diota
748 3063 823 3112 nota.

100 3144 196 3200 Parva
212 3141 274 3206 fuit,
293 3141 319 3196 si
334 3141 424 3214 prima
439 3140 508 3196 velis
526 3139 664 3195 elementa
679 3138 792 3203 referre,

138 3225 245 3292 Boma3
265 3223 314 3279 sed
331 3223 361 3279 in
378 3241 464 3297 parva
481 3240 543 3295 spes
560 3227 657 3278 tamen
674 3221 759 3292 hujus
777 3224 845 3276 erat.
901 3223 954 3278 180
