2252 3706
96 85 146 156 n]
441 79 567 137 mem

93 227 224 299 Effugiatl
240 226 339 299 positis
356 231 493 297 urgentur
509 231 623 297 pectora
640 226 747 297 palmis,

124 309 199 364 Nunc
216 310 337 380 primum
355 313 470 362 externa
487 313 599 379 pectora
616 313 693 363 tacta
709 328 801 364 manu.

93 393 174 448 Instat
185 409 278 447 amans
290 390 378 444 hostis
390 388 526 461 precibus,
538 390 692 461 pretioque,
704 391 842 464 minisque
852 416 860 458 ς

124 473 178 529 Nec
194 492 284 546 prece,
304 491 355 527 nec
372 471 471 542 pretio,
490 489 542 526 nec
559 477 652 526 movet
669 472 716 527 ille
734 475 825 530 minis

91 555 139 612 Nil
154 556 224 627 ugis;
244 554 368 625 eripiam,
387 553 466 617 dixit,
484 570 536 624 pro
554 553 668 608 erimine
685 555 786 610 vitum:
881 560 933 614 805

124 637 216 692 Falsus
233 636 365 691 adulterii
380 635 462 690 testis
480 635 591 690 adulter
609 636 670 690 erit.

91 719 245 775 Interimam
263 717 406 780 famulum,
426 735 490 772 cum
507 735 563 788 quo
582 717 719 788 deprensa
736 719 841 775 fereris.

125 800 271 856 Succubuit
288 799 368 854 fama
386 800 461 854 victa
477 798 571 870 puella
588 805 675 854 metu.

91 882 162 952 Quid
177 883 266 938 victor
283 881 409 952 gaudes?
427 881 485 936 haec
502 886 531 935 te
548 880 666 936 victoria
683 882 790 952 perdet.
929 935 931 941 .

122 963 186 1019 Heu
203 969 308 1035 quanto
325 963 419 1034 regnis
437 980 493 1018 nox
511 963 591 1018 stetit
607 981 665 1024 una
682 964 755 1019 tuisl
882 969 935 1021 810

88 1046 201 1118 Jamque
220 1051 279 1100 erat
297 1051 359 1100 orta
377 1044 452 1100 dics:
471 1045 558 1116 passis
576 1044 658 1100 sedet
673 1045 722 1100 illa
740 1046 856 1119 capillis,

120 1128 160 1184 Ut
176 1128 246 1183 solet
263 1127 300 1182 ad
317 1127 377 1182 nati
394 1131 484 1182 mater
500 1127 579 1181 itura
593 1145 704 1198 rogum.

87 1209 322 1281 Grandaevumque
339 1214 448 1280 patrem
462 1207 520 1262 fido
537 1227 600 1262 cum
616 1209 734 1279 conjuge
749 1210 846 1264 cestris

120 1291 239 1347 Evocat:
260 1297 289 1346 et
306 1291 400 1363 posita
416 1289 495 1345 venit
511 1293 631 1360 uterque
650 1308 736 1344 mora.

84 1372 176 1446 thue
192 1373 290 1428 vident
307 1372 449 1437 habitum,
470 1390 531 1444 quae
548 1371 641 1426 luctus
660 1389 751 1445 causa,
769 1373 932 1446 requinmt:

119 1455 170 1510 eui
186 1461 266 1526 paret
284 1455 436 1526 exsequias,
456 1471 546 1525 quove
564 1453 602 1507 sit
619 1453 675 1508 icta
691 1454 772 1510 malo.
881 1460 941 1512 816¹·

82 1536 139 1593 Illa
154 1536 203 1591 diu
219 1537 328 1600 reticet,
348 1534 564 1607 pudibundaque
583 1535 655 1590 celat
672 1537 777 1592 amictu

118 1618 191 1674 Ora:
211 1618 302 1672 fluunt
320 1618 448 1689 lacryma
465 1635 544 1684 more
561 1617 692 1689 perennis
712 1636 798 1690 aquae.

80 1700 160 1756 Hinc
175 1707 263 1772 pater,
281 1699 345 1754 hinc
364 1700 465 1770 conjux
482 1699 619 1772 lacrymas
638 1698 773 1763 solantur,
789 1705 817 1755 et
835 1707 926 1764 orant,

116 1781 243 1837 Indicet:
263 1787 292 1836 et
310 1799 379 1836 caco
397 1781 519 1853 flentque
537 1786 696 1853 paventque
713 1787 799 1836 metu.
883 1785 936 1840 820

79 1861 139 1921 Ter
155 1869 254 1918 conata
271 1863 355 1936 loqui,
375 1869 419 1917 ter
437 1863 562 1918 destitit:
583 1881 704 1935 ausaque
723 1870 831 1936 quarto,

115 1944 185 2001 Non
202 1945 294 2000 oculos
313 1945 382 1999 adeo
401 1945 515 2000 sustulit
533 1945 588 1998 illa.
599 1963 674 2000 suos.

76 2026 146 2085 Hoc
155 2045 265 2099 quoque
278 2027 428 2099 Tarquinio
436 2026 615 2082 debebimus?
630 2027 751 2100 eloquar,
762 2027 862 2100 inquit,

112 2107 241 2180 Eloquar
258 2109 354 2163 infelix
372 2108 493 2164 dedecus
512 2109 573 2182 ipsa
589 2128 692 2164 meum.

76 2189 206 2262 Quasque
217 2197 310 2262 potest
322 2196 425 2245 narret.
463 2190 621 2247 Restabant
632 2191 747 2256 ultima;
767 2189 852 2256 flevit,
882 2193 933 2247 825

111 2271 155 2328 Et
173 2273 339 2328 matronales
358 2273 497 2328 crubuere
515 2292 602 2344 gena.

71 2353 158 2410 Dant
175 2355 285 2410 veniam
303 2353 376 2409 facto
394 2355 504 2424 genitor
523 2355 676 2427 conjuxque
694 2360 798 2410 coacto.

111 2435 217 2504 Quam,
236 2436 315 2498 dixit,
333 2437 443 2490 veniam
460 2453 511 2490 vos
530 2436 613 2500 datis,
632 2437 693 2506 ipsa
710 2454 791 2507 nego.

68 2517 102 2574 N
104 2536 140 2573 ec
158 2535 253 2581 mora;
278 2517 367 2572 celato
385 2517 448 2589 figit
466 2535 517 2572 sua
533 2523 649 2589 pectora
666 2517 756 2581 ferrc;

107 2599 155 2654 Et
173 2599 248 2654 eadit
265 2599 295 2653 in
312 2599 417 2670 patrios
436 2599 649 2669 sangrunolenta
666 2599 759 2671 pedes.
881 2601 935 2654 830

65 2681 157 2738 'lianc
169 2699 289 2752 quoque,
299 2682 359 2751 jam
373 2681 503 2745 moriens,
517 2699 553 2736 ne
570 2699 628 2735 non
638 2680 803 2752 procumbat
815 2679 934 2738 honeste

106 2762 248 2834 Respicit.
285 2761 355 2818 Hac
373 2763 459 2817 etiam
477 2780 544 2817 cura
561 2762 685 2817 cadentis
704 2768 773 2816 erat.

62 2844 151 2900 Ecce
170 2862 256 2914 super
274 2861 372 2915 corpus
391 2843 547 2898 communia
564 2844 666 2898 damna
682 2849 835 2914 gementes,

6 2963 14 3014 t
106 2925 206 2982 Obliti
224 2925 338 2989 decons,
357 2926 455 2997 virque
472 2931 608 2997 paterque
623 2926 727 2996 jacent.

59 3007 185 3064 Brutus
205 3007 300 3078 edeam
319 3007 488 3080 tandemque
507 3008 668 3062 animosus
685 3006 799 3062 nomina
816 3004 904 3061 fallit:

102 3089 240 3161 Fixaque
258 3089 403 3144 semanimi
421 3107 535 3160 corpore
553 3088 611 3143 tela
628 3089 710 3159 rapit.
881 3089 934 3143 836

59 3171 293 3242 Stillantemque
311 3177 411 3226 tenens
429 3188 564 3242 generoso
584 3170 720 3241 sanguine
739 3168 868 3233 cultrum,

98 3253 213 3310 Edidit
231 3252 384 3322 impavidos
403 3271 450 3308 ore
468 3252 594 3308 minante
613 3268 710 3306 sonos:

100 3352 197 3392 σπι).
210 3351 290 3390 rnsr.
775 3332 795 3384 4
