2252 3706
82 97 143 168 11.]
449 95 575 152 risu.
904 103 938 158 aa

84 243 144 300 Cur
161 243 248 316 igitur
266 245 387 306 nunant,
407 245 436 297 et
453 257 503 296 ear
522 241 572 312 (sio
590 261 701 298 currere
718 262 778 300 mos
796 247 849 316 est)

120 326 151 382 N
152 327 209 382 uda
225 325 317 381 ferant
334 324 425 397 posita
442 342 557 396 torpore
573 331 660 391 reste,
678 328 780 398 rogas?

83 409 154 481 Ipse
171 409 239 465 deus
257 408 338 464 velox
356 407 509 463 disomrere
527 407 631 479 gaudet
648 409 678 464 iu
695 409 760 465 altis
888 415 940 468 285

122 492 280 555 Montibus,
298 496 328 546 et
345 489 450 545 subitas
467 491 589 546 eoncitat
606 490 654 545 ille
672 491 753 548 ferra

84 576 154 649 Ipse
172 575 240 630 deus
258 573 350 628 nudus
368 572 457 627 nudos
472 573 556 644 jubet
573 572 614 628 ire
631 573 788 632 ministros:

122 657 154 712 N
155 677 186 713 eo
204 657 270 712 satis
288 656 324 710 ad
340 673 453 710 rursum
470 655 615 710 commoda
631 657 717 714 vestis
734 662 803 712 erat.

84 741 164 796 Ante
180 739 282 794 Jovem
299 737 424 809 genitum
441 742 529 794 terras
547 738 677 796 babuisse
694 739 823 796 feruntur

123 821 264 878 Arcades:
285 826 314 876 et
331 819 412 874 Luna
428 838 495 890 gens
513 820 590 892 prior
606 820 655 876 illa
671 821 734 880 fuis
888 826 942 880 290

85 905 159 961 Vita
176 904 240 960 fora
258 902 363 968 similis,
381 902 472 957 nullos
491 903 596 974 agitata
612 922 663 975 per
679 921 762 960 usus:
913 911 918 923 '

124 988 203 1042 Artis
221 985 312 1042 adhue
330 1003 437 1057 expers,
454 991 485 1040 et
502 985 572 1041 rude
590 985 690 1058 uulgus
708 993 777 1044 erat.

88 1071 148 1127 Pro
165 1069 291 1124 domibus
309 1068 421 1124 frondes
438 1073 547 1132 norant,
566 1087 617 1141 pro
634 1069 763 1140 frugibus
780 1069 896 1126 herbar:

125 1152 156 1208 N
157 1158 232 1208 eotar
249 1157 310 1206 erat
325 1150 424 1222 palmis
441 1151 542 1206 hausta
560 1151 667 1207 duabus
685 1169 765 1223 aqua.

89 1235 195 1291 Nullus
213 1233 360 1290 anhelabat
376 1233 428 1288 sub
447 1233 555 1290 adunoo
573 1251 684 1290 vomere
702 1240 816 1290 taurus:
889 1237 942 1291 295

126 1317 215 1371 Nulla
232 1317 283 1371 sub
300 1316 416 1388 imperio
434 1322 511 1373 terra
529 1315 643 1371 colentis
662 1322 736 1372 erat:

90 1400 195 1457 Nullus
214 1399 304 1452 adbuc
318 1405 382 1454 'erat
399 1417 466 1454 usus
485 1399 566 1470 equi:
586 1417 616 1453 so
635 1398 752 1471 quisque
770 1397 885 1454 ferebat.

128 1481 193 1536 Ibat
211 1481 269 1536 ovis
285 1481 351 1536 lana
368 1499 467 1552 eorpus
485 1481 586 1536 amiota
603 1499 662 1536 sua.

94 1565 153 1622 Sub
171 1560 243 1620 Jove
261 1563 407 1627 durabant,
426 1569 456 1618 at
473 1580 589 1635 serpere
606 1563 682 1618 nuda
699 1563 842 1635 gerebant,

129 1646 220 1702 Dorta
238 1665 335 1718 graves
353 1645 455 1702 imbres
473 1652 503 1702 et
520 1645 639 1700 tolerare
656 1645 757 1700 Notos.
894 1650 948 1703 300

93 1730 124 1786 N
125 1749 179 1784 uno
197 1747 308 1801 quoque
326 1728 431 1784 detooti
446 1727 573 1784 referunt
589 1733 771 1784 monumenta
787 1729 892 1784 vetusti

130 1811 229 1875 Moris,
249 1816 277 1866 et
294 1811 422 1883 antiques
439 1810 625 1866 testificantur
642 1828 717 1882 opes.

8 1907 9 1916 ¹
96 1895 152 1952 Sed
170 1913 220 1950 our
236 1894 372 1966 praeoipue
390 1892 479 1965 fugiat
495 1893 633 1949 velamina
650 1892 774 1958 Faunus,

131 1976 263 2032 Traditur
280 1975 387 2048 antiqui
405 1975 500 2031 fabula
517 1975 599 2047 plena
613 1975 678 2047 jooi.

95 2060 183 2116 Forte
201 2077 292 2114 eomes
309 2058 428 2114 domina
443 2059 554 2130 juvenis
573 2057 736 2130 Tirynthius
754 2057 828 2114 ibat:
896 2062 948 2116 305

131 2142 214 2196 Vidit
232 2141 266 2196 ab
285 2140 392 2196 exoelso
410 2140 525 2196 Faunus
540 2145 693 2212 ‘utrumque
709 2141 787 2212 jugo.

96 2224 186 2288 Vidit,
206 2229 234 2279 et
252 2223 375 2287 incaluit,
394 2222 586 2294 Montemque
604 2223 726 2288 numina,
744 2221 824 2286 dixit.

131 2307 183 2362 Nil
199 2305 268 2362 mibi
285 2305 427 2362 vobiscum
444 2311 502 2361 est:
521 2305 580 2360 haeo
597 2323 675 2360 meus
693 2305 777 2360 ardor
794 2305 856 2360 erit.

95 2390 163 2446 Ibat
180 2388 301 2445 odoratis
319 2388 449 2446 humeros
466 2387 580 2460 perfilsa
597 2387 702 2458 capillis

131 2472 259 2535 Maonis,
279 2476 375 2526 aurato
393 2470 587 2542 conspicienda
602 2469 675 2526 sinu.
897 2473 951 2526 310

93 2556 191 2610 Aurea
207 2553 347 2626 pellebant
363 2553 475 2625 rapidos
492 2552 655 2608 umbraeul'a
672 2551 760 2617 solem

131 2637 202 2706 Qua
219 2641 314 2692 tamen
332 2635 479 2692 Herculea
497 2636 653 2691 sustinuere
671 2651 778 2690 manus.

95 2721 218 2791 Jamque
235 2737 333 2774 nemus
351 2717 463 2782 Baoobi,
483 2717 574 2774 Tmoli
591 2718 692 2780 vineta,
711 2715 834 2781 tenebat,

133 2801 280 2874 Hesperus
297 2806 328 2857 et
344 2799 422 2856 iirseo
438 2801 562 2856 roscidus
580 2799 640 2855 ibat
657 2817 729 2870 equo
737 2823 746 2863 t

95 2885 192 2942 Antra
209 2883 285 2939 subit
302 2883 396 2955 tophis
413 2883 597 2955 laqueataque
614 2883 725 2954 pumioe
741 2881 815 2938 vivo.
900 2885 952 2942 315
985 2943 987 2947 ,

135 2965 273 3021 Garrulus
290 2966 428 3038 inprime
445 2965 541 3021 limine
558 2966 635 3020 rivus
654 2970 722 3020 orat.

94 3049 233 3120 Dumque
250 3054 351 3119 parant
368 3049 463 3120 epulas
480 3048 657 3120 potandaque
672 3047 738 3102 vina
754 3044 883 3111 ministri,

134 3129 265 3186 Oultibus
283 3130 401 3186 Alciden
418 3132 532 3188 instruit
549 3131 598 3186 illa
616 3130 681 3185 suis.

93 3214 157 3272 Dat
176 3219 276 3268 tenues
293 3213 411 3277 tunicas,
431 3212 543 3268 Gaetulo
561 3211 666 3267 muriae
683 3210 800 3266 motas:

133 3295 194 3352 Dat
211 3300 330 3350 teretem
347 3314 452 3360 zonam,
472 3314 528 3367 qua
543 3293 627 3350 modo
644 3293 735 3348 einata
745 3290 817 3428 3fui-ta.
905 3295 958 3348 320
