2252 3706
212 63 248 116 46
443 55 476 112 P.
497 55 635 113 OVIDII
653 55 830 112 NASONIS
992 57 1063 129 [Ina.

213 204 332 276 Ceperat
348 201 394 258 liic
412 201 488 266 alias,
507 201 575 256 alias
593 206 731 257 everterat
748 201 849 268 urbes3

247 286 288 342 Et
306 285 410 341 Gabios
427 285 505 356 turpi
522 284 626 340 lecerat
643 289 703 340 arte
721 301 795 340 suos.

211 368 342 440 Namque
359 367 446 424 trium
462 367 601 432 minimus,
620 367 713 438 proles
730 365 879 422 manifesta
898 365 1030 440 Superbi,

247 451 285 505 In
301 451 407 506 medios
424 451 519 506 hostes
537 455 618 504 noete
636 449 736 504 silente
752 449 838 504 venit.
1017 455 1065 507 690

211 533 242 589 N
242 534 362 588 udarant
379 532 500 604 gladios:
520 531 656 595 Occidite,
675 531 754 595 dixit,
772 531 924 597 inermem

248 615 312 671 Hoc
331 616 444 687 cupiant
462 614 571 678 fratres,
591 613 815 686 Tarquiniusque
833 619 928 686 pster3

213 697 271 766 Qui
287 716 349 754 mea
367 697 472 753 crudeli
488 695 622 752 laceravit
638 696 755 752 verbere
772 702 860 768 terga

247 780 349 837 Dicere
366 785 399 836 ut
415 779 469 834 hoe
485 785 588 850 posset,
606 779 724 834 verbera
740 797 837 850 pessus
855 783 923 836 erat.

212 862 293 918 Luna
310 862 372 918 fuit.
411 860 546 933 Spectant
560 862 700 932 juvenem,
718 861 880 933 gladiosque
898 863 1063 918 recondunt:

248 944 401 1017 Tergaque,
420 943 542 999 deducta
558 949 644 1006 veste,
663 949 761 998 notata
777 943 881 999 vident.
1017 950 1065 1002 696
1117 1011 1118 1026 ¹

211 1027 296 1083 Flent
314 1044 433 1099 quoque,
452 1031 482 1082 et
498 1031 532 1080 ut
550 1044 644 1080 secum
661 1031 775 1082 tueatur
792 1026 873 1091 bella,
892 1034 1052 1098 precentur.
1117 1035 1118 1044 *

248 1108 371 1165 Callidus
388 1108 492 1179 ignaris
510 1110 608 1163 annuit
625 1107 671 1163 ille
688 1109 764 1164 viris.

212 1191 333 1264 Jamque
349 1196 458 1263 potens,
476 1191 562 1246 misso
579 1191 734 1261 genitorem
753 1191 876 1263 appellat
893 1191 994 1257 amieo,

247 1273 389 1330 Prodendi
406 1273 511 1330 Gabios
529 1273 605 1345 qnod
622 1272 677 1328 sibi
693 1279 830 1328 monstret
847 1274 909 1328 iter.
1018 1277 1068 1334 7oe

213 1357 324 1414 Hortus
341 1356 463 1412 odoratis
482 1355 597 1410 suberat
615 1355 785 1412 cultissimus
802 1356 904 1420 herbis,

249 1439 347 1496 Sectus
363 1439 481 1494 humum
498 1437 558 1493 rivo
575 1437 638 1493 lene
656 1439 780 1494 sonantis
798 1457 883 1510 aquoe.

212 1522 276 1577 Hlic
294 1520 460 1593 Tarquinius
477 1520 609 1576 mandate
626 1520 743 1576 latentia
760 1521 820 1578 nati

192 1641 206 1652 ‚
248 1603 367 1676 Accipit,
386 1608 414 1659 et
431 1602 510 1676 virga
527 1602 586 1657 lilia
603 1621 712 1658 summa
728 1603 817 1668 metit.

212 1686 339 1744 Nuntius
357 1691 390 1742 ut
406 1685 498 1749 rediit,
517 1684 689 1756 decussaque
706 1685 765 1740 lilia
783 1686 868 1750 dixit;
1020 1689 1070 1745 ⁷05

248 1767 346 1833 Filius,
365 1769 495 1839 Agnosco
510 1768 591 1838 jussa
607 1766 740 1840 parentis,
759 1769 806 1823 eit.

212 1851 275 1907 Neo
293 1869 387 1905 mora:
407 1849 579 1922 principibus
597 1849 673 1906 casis
691 1869 726 1905 ex
742 1851 811 1906 urbe
830 1849 949 1917 Gabina,

248 1933 409 1990 Traduntur
426 1933 543 1989 ducibus
560 1932 662 1988 moenia
678 1933 754 1989 nuda
770 1932 836 1988 suis.

213 2016 288 2072 Ecce
308 2015 395 2086 (nefas
413 2016 485 2084 visu)
504 2015 603 2072 mediis
622 2015 756 2070 altaribus
775 2015 872 2087 anguis

248 2097 325 2162 Exit,
344 2104 374 2153 et
391 2099 533 2154 exstinctis
551 2098 663 2169 ignibus
681 2103 746 2152 exta
762 2097 844 2168 repit.
1023 2103 1073 2160 710

214 2180 375 2237 Oonsnlitur
392 2180 523 2236 Phoebus.
560 2179 627 2235 Sors
645 2186 689 2236 est
706 2181 746 2234 ita
761 2179 887 2236 reddita:
907 2179 1005 2238 Matri

250 2262 308 2331 Qui
326 2262 435 2318 dederit
452 2262 581 2334 princeps
599 2262 702 2327 oscula,
720 2263 810 2318 victor
827 2263 890 2318 erit.

214 2345 318 2401 Oscula
335 2345 452 2418 quisque
470 2363 526 2400 suar
543 2345 628 2400 matri
644 2350 794 2416 properata
809 2344 947 2410 tulerunt,

248 2426 279 2482 N
281 2446 317 2482 on
333 2426 474 2484 intellecto
491 2427 605 2483 credula
621 2427 705 2482 turba
722 2427 783 2482 deo.

213 2507 319 2566 Brutus
338 2514 398 2566 erat
415 2510 496 2566 strrlti
513 2510 624 2582 sapiens
642 2509 774 2574 imitator,
792 2513 826 2564 ut
843 2515 918 2566 esset
1025 2515 1076 2570 715

249 2592 339 2648 Tutus
357 2593 393 2647 ab
410 2591 527 2656 insidiis,
547 2592 607 2648 dire
627 2591 761 2664 Superbe,
780 2592 846 2648 tuis.

213 2673 276 2738 llle,
293 2676 388 2746 jacens
405 2693 518 2747 pronus,
536 2675 620 2730 matri
639 2674 718 2730 dedit
735 2674 829 2730 escula
846 2681 938 2739 terrae,

250 2755 379 2814 Creditus
397 2756 502 2813 offenso
520 2757 700 2829 procubuisse
717 2757 798 2830 pede.

216 2838 345 2911 (lingitur
362 2839 470 2895 interea
487 2837 620 2894 Romanis
638 2839 734 2894 Ardea
752 2839 847 2910 signis,

249 2919 290 2977 Et
307 2921 414 2993 patitur
431 2922 520 2978 lentas
539 2921 682 2978 obsidione
700 2937 801 2978 moras.
1023 2925 1085 2982 ⁷20
1103 2939 1113 2990 ἴ

213 3001 292 3058 Dum
308 3010 395 3067 vacat,
414 3009 444 3059 et
460 3009 591 3060 metuunt
608 3004 703 3060 hostes
721 3004 894 3060 committere
910 3021 1055 3076 pugnam,

249 3083 371 3138 Luditur
387 3085 417 3138 in
434 3087 546 3140 castris:
567 3087 626 3141 otia
642 3087 723 3142 miles
742 3087 809 3158 agit.

216 3162 382 3232 Tarquinius
397 3165 507 3235 juvenis
526 3167 612 3222 socios
631 3168 805 3240 dapibusque
822 3185 956 3240 meroque

251 3242 370 3312 Accipit,
389 3249 473 3313 atque
491 3245 546 3300 illis
564 3265 630 3318 rege
648 3255 758 3304 creatus
776 3251 832 3305 ait:

1095 663 1118 722 ‚l

1116 745 1118 780 ι
