2252 3706
184 55 222 109 50
345 51 379 108 P.
399 48 538 106 OVIDII
554 48 732 106 NASONIS
751 51 876 109 FASTI.

185 195 240 252 Per
257 195 311 251 tibi
328 214 380 268 ego
396 194 472 250 hune
486 194 552 265 juro
570 193 671 248 fortem
690 202 852 269 easmmque
870 215 1009 266 eruorem,

219 278 330 350 Perque
347 283 410 332 tuos
428 293 532 339 menes,
552 275 601 347 qui
618 274 687 330 mihi
705 295 810 334 numen
828 287 928 346 erunt;
987 285 1039 338 840

184 359 365 432 Tarquinium
382 376 478 430 poenss
494 356 614 429 profuge
631 376 694 412 eum
712 359 799 431 stirpe
817 362 959 418 daturum.

218 440 285 497 Jem
302 442 369 497 sutis
388 446 431 497 est
448 439 537 494 virtus
556 439 729 494 dissimulata
747 441 804 496 diu.

183 523 239 581 nu
252 526 348 596 jeeens
366 523 403 578 ed
418 522 504 577 verbe
521 521 615 576 oeulos
634 521 693 576 sine
711 521 816 579 lumine
833 527 937 592 movit;
1000 553 1003 562 ¹

218 606 343 679 Visaque
361 621 494 660 eonensse
511 602 587 658 dicte
603 603 722 674 prebere
740 623 826 661 coma.

182 688 287 744 Fertur
303 688 334 741 in
352 686 495 758 exsequias
514 684 600 740 enimi
616 690 745 740 metrone
760 688 856 754 virilis,
984 695 1035 747 845
1094 679 1112 720 ¹·

217 768 258 825 Et
275 788 368 825 seeum
385 768 521 839 lacrymas
539 766 728 838 invidiamque
746 769 841 824 trehit.

182 852 293 908 Vulnus
310 852 393 906 inane
411 853 499 921 petet.
535 847 642 902 Brutus
662 849 780 904 elamore
799 851 923 919 Quirites

217 934 353 997 Concitet,
373 937 402 988 et
418 931 492 1003 regis
510 929 585 984 seete
601 929 723 985 nefande
738 931 832 987 refert.

182 1015 347 1087 Tarquinius
366 1033 429 1069 eum
447 1011 525 1084 prole
543 1011 624 1083 fugit.
662 1011 744 1086 capit
762 1033 854 1071 ennue
871 1018 971 1074 eonsul

216 1096 297 1152 June.
334 1095 402 1150 Dies
419 1095 514 1166 regnis
532 1093 581 1149 iiis
599 1112 730 1165 supreme
747 1095 808 1150 fine.
982 1103 1037 1156 850

181 1239 335 1316 Fniiimuri’
357 1257 393 1294 en
409 1237 482 1294 veris
500 1237 656 1310 praenuntis
673 1237 751 1294 venit
767 1238 895 1306 hinmdo,

215 1321 256 1377 Et
272 1321 380 1385 metuit,
399 1339 436 1376 ne
454 1337 510 1392 que
526 1337 608 1375 versu
623 1326 750 1375 recurret
767 1321 875 1378 hiems?

182 1401 259 1476 Saepe
271 1409 374 1466 temen,
387 1402 504 1466 Procne,
517 1401 635 1456 nimium
646 1419 809 1474 properasse
820 1407 953 1477 quereris,

215 1485 322 1558 Virque
340 1490 389 1540 tuo
408 1483 511 1539 Tereus
530 1483 633 1555 frigore
651 1483 731 1539 laetus
749 1486 810 1540 erit.

180 1627 301 1700 Jamque
319 1627 379 1683 duae
396 1631 504 1682 restent
522 1631 617 1682 noctes
636 1624 670 1680 de
688 1644 782 1682 mense
801 1631 929 1697 secundo,
980 1637 1034 1691 855
1111 1621 1112 1658 ³

215 1710 350 1782 Mmsque
369 1709 437 1764 uites
452 1709 557 1780 junctis
577 1707 703 1762 curribus
722 1715 804 1781 urget
822 1731 923 1784 equos:

179 1791 226 1848 Ex
242 1809 309 1846 vero
325 1791 448 1863 positum
464 1790 616 1862 permansit
634 1789 751 1862 Equinis
767 1810 878 1859 nomen,

216 1872 286 1941 Quse
304 1873 372 1928 deus
390 1873 420 1927 in
438 1872 542 1944 campo
559 1873 692 1945 prospicit
709 1873 768 1945 ipse
786 1893 845 1930 suo.

180 1955 252 2011 June
269 1955 356 2019 venis,
376 1954 513 2019 Gradive3
533 1954 625 2009 locum
643 1960 692 2009 tua
709 1961 834 2027 tempore
850 1967 988 2030 poseunt;

217 2036 403 2109 signatusque
421 2042 471 2092 tuo
488 2037 600 2092 nomine
617 2037 719 2092 mensis
738 2039 824 2094 adest.
981 2048 1039 2101 860

180 2119 317 2176 Venimus
335 2119 365 2173 in
382 2124 503 2190 portum,
521 2118 593 2173 libro
612 2137 675 2173 eum
692 2138 786 2175 mense
803 2129 924 2192 peraeto.

215 2201 340 2273 Naviget
356 2201 422 2256 hine
439 2201 494 2257 ulie
507 2203 568 2273 jem
585 2199 655 2255 mihi
671 2201 757 2257 linter
774 2221 853 2275 eque.
