2252 3706
66 161 130 233 m]
408 155 534 216 unsar.

64 307 166 380 Ignibus
185 305 258 361 Ossa
274 305 363 369 novis,
383 311 412 361 et
429 305 529 360 Pelion
547 305 628 360 altior
647 305 719 361 Ossa

93 390 168 451 Arsit,
188 394 217 443 et
234 388 264 442 in
283 387 372 442 solida
388 387 460 442 fixus
479 387 618 459 Olympus
636 387 729 442 humo.

63 471 119 526 Stat
134 489 239 542 quoque
257 487 341 540 capra
358 469 457 524 simul:
476 469 506 522 N
507 469 617 540 ymphae
635 470 743 540 pavisse
761 468 890 526 feruntur

93 550 226 607 Cretides:
244 551 346 605 infanti
362 550 406 606 lae
424 550 501 605 dedit
518 549 566 604 illa
583 549 658 606 Jovi.

58 634 136 689 Nunc
150 651 231 689 vocor
249 632 285 687 ed
302 650 412 687 nomen.
449 630 611 703 Vegrandia
626 632 701 687 farra
718 633 815 698 coloni,
845 635 898 690 445

92 716 154 783 Qua
169 715 241 770 male
259 719 413 777 creverunt,
432 731 568 784 vescaque
585 732 671 784 parva
688 720 797 770 vocant.

56 797 105 851 Vis
122 815 151 851 ea
167 797 191 851 si
207 795 286 851 verbi
303 801 361 860 est;
382 813 431 850 cur
448 813 505 849 uon
522 813 574 866 ego
591 794 707 867 Vejovis
725 797 820 862 aedem,

88 878 184 933 AEdem
200 897 257 933 non
273 877 368 948 magni
385 876 509 948 suspicer
527 895 588 932 esse
605 876 626 932 J
627 877 707 932 ovisl>

55 959 174 1031 Jamque,
192 959 243 1014 ubi
260 959 406 1014 camileum
424 958 572 1014 variabunt
591 959 683 1014 sidera
700 960 810 1025 coelum,

89 1042 216 1112 Suspice:
236 1040 378 1112 Gorgonei
395 1040 466 1095 colla
482 1039 589 1096 videbis
610 1042 684 1112 equi.
843 1043 897 1097 450

54 1124 178 1179 Creditur
194 1123 243 1178 hic
262 1141 336 1178 cesae
354 1122 469 1194 gravida
487 1122 592 1177 cervice
610 1122 738 1178 Medusae

88 1205 222 1276 Sanguine
239 1205 372 1276 respersis
389 1203 548 1275 prosiluisse
562 1204 649 1274 jubis.

52 1282 126 1341 Huic
142 1305 225 1358 supra
241 1286 330 1341 nubes
349 1291 378 1340 et
396 1284 493 1340 subter
511 1283 602 1340 sidera
617 1286 695 1357 lapso

85 1368 188 1424 Ooelum
204 1385 256 1439 pro
273 1373 355 1431 terra,
373 1385 425 1438 pro
442 1367 514 1438 pede
530 1385 623 1438 penna
639 1367 701 1422 suit

47 1451 166 1522 Jamque
182 1450 339 1522 indignanti
356 1466 428 1504 nova
444 1449 524 1503 frena
541 1455 684 1520 receperat
702 1467 758 1514 ore,
839 1449 892 1506 455

83 1533 153 1588 Cum
169 1531 237 1587 levis
255 1531 359 1586 Aonias
376 1531 482 1602 ungula
499 1530 571 1586 fodit
588 1550 682 1603 aquas.

44 1615 77 1670 N
78 1633 132 1669 une
149 1613 250 1668 fruitur
268 1612 343 1677 coelo,
363 1612 438 1685 quod
454 1613 553 1685 pennis
572 1619 636 1668 ante
653 1613 786 1684 petebat:

80 1696 122 1751 Et
138 1694 244 1751 nitidus
262 1695 349 1750 stellis
367 1695 490 1767 quinque
508 1695 660 1766 decemque
677 1695 769 1751 micat.

40 1859 176 1916 Protinus
195 1858 328 1930 adspicies
345 1858 469 1914 venienti
486 1864 569 1913 nocte
587 1857 724 1913 Coronam

77 1940 225 1996 Gnossida.
262 1940 369 1995 Theseo
387 1941 500 1995 erimine
518 1940 591 1994 facta
609 1940 662 1995 dea
679 1945 730 1996 est.
839 1943 895 1997 teo

39 2025 60 2080 J
61 2043 107 2078 am
126 2022 198 2077 bene
215 2023 328 2093 perjuro
344 2027 467 2076 mutarat
485 2023 603 2093 conjuge
620 2022 770 2088 Bacchum,

76 2105 149 2172 Qua
167 2103 245 2158 dedit
261 2105 370 2174 ingrato
388 2104 436 2158 fila
452 2103 572 2174 legenda
588 2104 657 2159 viro.

37 2186 124 2242 Sorte
142 2186 199 2240 tori
215 2185 347 2256 gaudens,
368 2185 445 2252 Quid
461 2184 563 2240 flebam
580 2186 704 2240 rustica?
723 2186 801 2251 dixit,

74 2267 195 2322 Utiliter
211 2267 290 2322 uobis
307 2267 431 2338 perfidus
449 2266 496 2322 ille
513 2266 575 2321 fuit.

34 2349 157 2405 Interea
174 2347 260 2404 Liber
278 2349 402 2420 depexus
421 2349 542 2404 crinibus
561 2347 648 2403 Indos
841 2353 894 2406 465

72 2431 184 2495 Vincit,
203 2436 232 2485 et
249 2429 311 2485 Eoo
329 2431 406 2486 dives
424 2430 459 2485 ab
478 2430 544 2485 orbe
561 2430 647 2485 venit.

31 2511 120 2568 Inter
140 2512 262 2584 captivas
280 2511 350 2567 facie
369 2518 518 2584 praestante
536 2512 643 2583 puellas

70 2594 167 2648 Grata
183 2593 264 2647 nimis
283 2593 392 2649 Baccho
409 2593 468 2648 filia
484 2593 558 2665 regis
577 2599 645 2648 erat.

29 2675 142 2730 Flebat
160 2693 256 2729 amans
274 2675 382 2746 conjux,
402 2676 574 2748 spatiataque
590 2675 686 2731 littore
703 2693 790 2740 curve

65 2756 174 2812 Edidit
192 2755 304 2811 incultis
322 2757 390 2811 talia
406 2757 493 2812 verba
510 2757 610 2812 mmisz
840 2757 894 2815 470

26 2837 78 2892 En
97 2838 208 2893 iterum
226 2837 337 2901 similes,
356 2838 466 2903 fluctu,
485 2839 580 2894 audite
597 2837 738 2911 querelas!

63 2919 117 2973 En
138 2920 244 2974 iterum
260 2918 396 2990 lacrymas
415 2920 515 2992 accipe,
535 2939 625 2984 arena,
644 2921 738 2975 meas!

18 3000 185 3065 Dicebam,
205 3000 327 3064 memini,
346 3003 457 3074 perjure
476 3006 505 3057 et
521 3001 628 3073 perfide
646 3001 773 3058 Theseul

62 3082 124 3139 Ille
147 3082 234 3137 abiit:
254 3081 351 3137 eadem
369 3084 485 3139 crimina
502 3083 628 3138 Bacchus
645 3083 739 3138 habet.

21 3163 55 3218 N
56 3183 119 3220 unc
134 3181 259 3236 quoque,
272 3163 350 3219 nulla
360 3165 428 3230 viro,
442 3165 574 3229 elamabo,
587 3164 699 3220 foemina
710 3164 812 3220 eredat.
839 3164 892 3222 475

60 3246 95 3301 N
97 3245 201 3302 omine
219 3250 328 3301 memte
346 3265 428 3302 eausa
445 3247 533 3303 relate
549 3265 612 3302 mea
629 3251 680 3302 est.
