2250 3704
95 83 158 156 111]
449 85 576 143 FASTI.
888 92 940 148 125

95 228 263 302 Pectoraque
281 230 430 287 exsorbent
448 231 536 286 avidis
554 230 673 286 infantia
689 232 801 305 linguis.
887 237 938 290 145

125 313 164 368 At
180 332 251 385 puer
268 312 365 368 infelix
382 314 468 385 vagit,
488 331 624 385 opemque
641 316 722 386 petit.

92 395 197 451 Territa
213 413 281 451 vooe
300 396 344 451 sui
359 397 455 450 nutrix
473 397 593 452 1111111111
611 397 725 461 alumni,

124 479 164 534 Et
180 479 270 550 rigido
288 485 376 535 seotas
394 479 501 534 invenit
517 497 612 552 ungue
630 499 724 552 genas.

92 561 165 630 Quid
181 561 304 617 ssoeretl'
322 561 397 616 oolor
414 563 470 617 oris
488 567 557 626 erut,
576 563 625 634 qui
643 563 788 619 frondibus
806 566 872 621 olim

7 691 8 698 ,
124 644 193 699 Esse
211 644 282 700 solet
300 644 377 708 seris,
396 662 465 716 quas
483 661 556 699 nove
572 644 644 699 lesit
661 645 758 701 hiems.
886 651 940 704 150

14 705 36 734 ⁴
91 726 220 782 Pervenit
238 727 274 782 ad
292 727 410 790 Cranen,
430 732 459 781 et
476 745 535 781 rem
554 726 643 781 dooet.
679 727 742 793 Illa,
762 728 902 787 Timorem

123 809 215 874 Pone;
235 815 300 864 tuus
319 827 423 880 sospes,
443 809 522 872 dixit,
542 809 670 864 alumnus
689 812 752 865 erit.

88 891 211 948 Venerat
227 891 265 948 ad
281 909 382 947 ounas:
401 890 506 947 flebant
522 897 667 963 materque
683 898 835 966 paterque:

123 974 218 1031 Sistite
234 992 284 1029 vos
301 974 445 1046 laerymes,
464 973 524 1046 ipsa
541 974 681 1038 medebor,
701 975 748 1029 ait.

87 1057 218 1113 Protinus
236 1055 351 1112 arbutea
368 1061 460 1128 postes
477 1060 523 1111 ter
539 1057 569 1111 in
587 1057 684 1112 ordine
701 1057 793 1129 tangit
884 1061 937 1115 155

121 1139 233 1194 Fronde
242 1162 250 1203 ;
268 1145 313 1194 ter
330 1138 447 1194 arbutea
463 1138 560 1193 limina
577 1137 675 1194 fronde
693 1145 781 1195 notat.

89 1221 202 1294 spargit
219 1221 297 1293 aquis
315 1220 416 1285 editus,
437 1222 477 1289 (et
495 1239 573 1293 aquae
590 1221 763 1277 medioamen
773 1221 936 1292 habebant)

118 1304 250 1376 Extaque
268 1304 303 1359 de
320 1321 404 1375 poree
422 1303 508 1358 eruda
524 1303 658 1359 bimestre
675 1309 763 1359 tenet.

84 1387 181 1459 Atque
199 1387 247 1450 ita,
265 1385 365 1440 Noctis
384 1404 456 1450 oses,
476 1385 546 1441 extis
564 1385 727 1458 puerilibus,
745 1386 846 1460 inquit,

119 1469 246 1524 Parcite:
264 1487 316 1541 pro
332 1486 419 1540 parvo
436 1467 551 1522 victima
566 1486 653 1540 parva
671 1468 754 1524 eadit.
880 1473 936 1526 160

83 1551 140 1607 Gor
157 1569 209 1623 pro
226 1551 316 1616 eorde,
334 1569 440 1622 preoor,
459 1567 511 1622 pro
528 1550 606 1605 fibris
625 1551 727 1606 sumite
745 1551 838 1608 fibras.

118 1633 204 1688 Hane
221 1634 340 1688 enimam
357 1633 436 1688 vobis
453 1650 505 1704 pro
522 1633 635 1689 meliore
654 1633 760 1689 damus.

83 1715 131 1772 Sis
149 1716 197 1772 ubi
213 1716 319 1778 libavit,
338 1720 465 1787 proseota
482 1715 533 1770 sub
551 1715 654 1770 aethere
672 1715 760 1787 ponit,

119 1799 231 1872 Quique
250 1798 334 1853 suoris
352 1797 461 1862 udsunt,
479 1798 616 1869 respicere
634 1797 682 1852 1111
698 1804 785 1854 vetat.

2 1881 3 1888 ’
81 1880 227 1952 Virgeque
244 1879 352 1935 Janalis
370 1880 405 1935 de
424 1880 503 1951 spina
519 1880 633 1952 ponitur
651 1880 722 1945 albe,
883 1884 935 1938 165

118 1963 183 2031 Qun
200 1963 294 2018 lumen
311 1962 440 2018 thalamis
457 1979 544 2034 parve
560 1961 683 2017 fenestra
700 1963 793 2020 dubet.

79 2045 155 2103 Post
170 2045 239 2100 illud
257 2064 309 2101 neo
327 2063 391 2100 eves
409 2063 493 2100 eunus
511 2044 629 2100 violasse
646 2045 792 2111 feruntur,

116 2127 159 2183 Et
175 2127 260 2183 rediit
276 2145 371 2199 puero,
391 2127 440 2199 qui
457 2127 512 2181 fuit
529 2132 602 2192 ente,
622 2127 704 2183 oolor.

80 2210 205 2282 Pinguia
222 2228 272 2266 our
289 2209 343 2263 illis
361 2215 511 2281 gustentur
528 2209 607 2264 111111
624 2209 770 2274 Kalendis,

115 2292 265 2364 Mixtaque
283 2310 346 2346 oum
364 2290 452 2346 onlido
470 2291 507 2346 sit
524 2291 589 2348 febe
606 2290 688 2356 farre,
707 2292 810 2364 rogas?
882 2291 937 2349 170

76 2375 179 2430 Prisca
196 2373 249 2429 dee
266 2379 317 2438 est,
336 2373 475 2445 aliturque
493 2373 570 2437 eibis,
589 2374 691 2444 quibus
709 2380 774 2429 ante
792 2373 898 2430 solobst
907 2397 915 2439 ;

115 2455 181 2512 Neo
198 2456 269 2527 petit
287 2455 406 2511 edseitas
424 2456 567 2512 luxuriose
584 2456 678 2527 dapes.

75 2537 172 2594 Piscis
190 2537 280 2594 adhue
297 2537 339 2592 illi
355 2537 459 2610 populo
477 2539 536 2594 sine
553 2539 652 2594 froude
670 2537 802 2594 1111111111

113 2622 274 2693 Ostreaqne
291 2620 321 2674 in
339 2620 450 2675 oonohis
468 2626 532 2676 tuta
549 2620 627 2676 fuere
646 2621 711 2676 suis.

72 2703 144 2760 Neo
161 2702 273 2758 Iatium
289 2708 379 2766 norat,
399 2721 482 2775 quam
498 2703 605 2775 prebet
623 2703 705 2758 Ionia
722 2701 809 2768 dives,
881 2703 934 2761 175

112 2784 187 2850 Neo,
206 2803 267 2857 quae
285 2785 416 2856 Pygmaeo
435 2785 568 2857 sanguine
586 2786 698 2855 gaudet,
718 2803 813 2842 avem:

2 2879 3 2934 1
72 2868 119 2924 Et
138 2874 239 2940 praeter
255 2885 360 2940 pennas
378 2867 449 2923 nihil
466 2869 496 2922 in
513 2885 620 2940 pavone
639 2867 781 2939 pleoebut:

2 2955 25 3008 ,ἱ
112 2951 146 3006 N
148 2970 179 3007 ee
195 2950 279 3005 tellus
297 2956 391 3022 captus
409 2951 524 3006 miserat
541 2955 607 3005 ante
625 2949 708 3005 ferse.

73 3032 135 3090 Sus
154 3038 214 3088 erat
231 3033 261 3088 in
278 3033 383 3105 pretio:
403 3050 473 3088 ossea
490 3051 539 3088 sue
557 3032 630 3088 festu
647 3030 782 3087 colebant.

112 3115 204 3172 Terra
222 3114 299 3170 sabas
317 3121 437 3178 tantum,
456 3114 581 3187 duraque
598 3113 673 3170 ferr'a
691 3113 784 3169 dabat.
875 3116 928 3170 180

69 3198 151 3267 Ques
169 3197 225 3253 duo
241 3197 329 3252 mixta
346 3197 429 3252 simul
446 3197 531 3252 sextis
549 3197 708 3268 quicunque
725 3193 863 3250 Kalendis

107 3279 225 3345 Ederit,
243 3279 309 3336 huie
327 3280 390 3336 ludi
408 3279 515 3336 viscere
531 3296 613 3350 posse
631 3282 743 3350 negant.
