2250 3704
215 138 267 194 loe
443 136 477 193 Ρ.
496 135 635 192 OVIDII
652 135 829 193 NASONIS
982 134 1043 206 [Lm.

213 281 310 346 Mater
327 281 423 355 Hyan,
442 289 472 339 et
490 279 578 355 Hyen
595 287 696 338 maestae
714 282 816 339 flevere
834 301 950 346 sorores,

248 365 445 442 Cervicemque
462 367 528 439 polo
545 367 740 438 suppositurus
757 366 848 421 Atlas.
1007 363 1047 416 100

213 446 314 504 Victus
329 456 448 523 uterque
466 469 566 523 parens
583 456 678 510 tamen
695 455 739 504 est
755 449 860 520 pietate
878 467 1006 506 sororum

249 531 304 586 Illa
321 534 400 589 dedit
417 535 531 590 eoelum:
553 532 668 588 nomine
683 532 751 587 fecit
769 531 859 604 Hyas.

214 613 318 681 Mater,
337 617 412 682 edes,
431 617 538 681 florum,
557 615 632 670 ludis
650 615 815 670 celebranda
829 615 947 687 joeosis:

248 697 422 755 Distuleram
439 706 533 772 partes
550 717 646 754 mense
662 698 757 770 priore
772 703 846 754 tues.
1096 732 1103 752 ,

213 779 318 853 Incipis
336 783 442 855 Aprili:
461 782 563 838 transis
581 782 757 854 intempore
772 781 853 836 Maii.
1008 776 1050 831 185

248 865 331 920 Alter
348 872 377 921 te
395 865 514 938 fugiens,
533 883 597 920 cum
613 865 691 920 venit
709 865 787 928 alter,
806 864 903 920 hebet.

213 946 286 1002 Cum
303 953 354 1003 bna
370 949 435 1014 sint,
454 949 611 1020 cedentque
627 947 681 1002 tibi
698 947 819 1002 confinia
835 965 970 1010 mensum,

249 1030 386 1086 Convenit
403 1032 433 1085 in
450 1031 548 1086 laudes
565 1030 612 1086 ille
629 1031 675 1086 rel
692 1031 745 1086 iste
762 1036 835 1086 tuas.

214 1112 311 1168 Circus
328 1114 358 1168 in
375 1115 451 1170 hunc
468 1114 533 1177 exit,
553 1114 728 1185 clamsteque
742 1113 835 1185 palme
851 1111 984 1168 theatris:

249 1195 313 1251 Hoc
331 1215 441 1268 quoque
459 1216 523 1252 oum
534 1197 614 1274 ¹Circi
631 1215 746 1252 munere
764 1214 876 1252 carmen
894 1201 947 1250 eat
1012 1193 1054 1247 190

213 1278 281 1351 Ipsa
299 1279 366 1335 doce
384 1299 445 1351 quae
463 1280 517 1335 sis:
536 1280 681 1335 hominum
698 1280 837 1334 sententia
854 1278 945 1334 fuller.

250 1361 365 1434 Optime
381 1369 415 1418 tu
431 1362 537 1435 proprii
554 1363 673 1418 nominis
691 1369 790 1418 auctor
807 1363 870 1417 eris.

215 1443 261 1500 Sic
279 1463 346 1516 ego;
367 1447 406 1502 sic
423 1446 525 1500 nostris
543 1446 687 1517 respondit
704 1446 769 1500 dive
785 1445 908 1516 rogetis5

248 1527 326 1582 Dum
342 1528 474 1598 loquitur,
492 1547 593 1584 vernes
611 1528 687 1584 efflat
703 1528 739 1583 sb
756 1546 805 1583 ore
822 1545 915 1583 rosasr

213 1609 322 1665 Chloris
340 1628 423 1675 eram,
437 1630 498 1683 quae
516 1612 600 1666 Flora
613 1630 702 1666 vocor.
740 1609 880 1682 Corrupta
890 1610 991 1665 Latino
1013 1608 1059 1663 195

248 1693 384 1749 Nominis
399 1701 443 1750 est
459 1695 548 1750 nostri
565 1695 660 1750 littera
677 1693 775 1748 Creon
792 1711 868 1750 sono.

214 1775 323 1832 Chloris
342 1795 425 1855 erem3
444 1777 475 1832 N
475 1777 579 1850 ymphe
597 1777 687 1848 campi
704 1776 801 1842 felicis
819 1777 869 1834 ubi
887 1777 966 1834 audis

249 1858 322 1914 Rem
339 1859 489 1915 fortunatis
508 1866 573 1916 ante
591 1859 678 1916 fuisse
694 1860 770 1916 viris.

214 1940 284 2009 Quae
302 1942 388 1998 fuerit
404 1943 474 1998 mibi
490 1943 587 2004 forma,
604 1961 691 2015 grave
707 1948 751 1998 est
767 1961 883 1999 narrsre
899 1943 1044 2000 modeste:

250 2023 306 2080 Sed
324 2045 458 2097 generum
475 2027 559 2083 matri
575 2027 680 2099 reperit
696 2027 745 2082 illa
763 2027 854 2082 donna
1012 2027 1065 2080 000

212 2106 364 2163 vereret:
385 2110 519 2165 errabam.
555 2109 704 2182 Zephyrus
723 2109 885 2181 conspexit;
904 2109 1028 2166 ebibam:
1101 2071 1102 2143 l

248 2191 429 2264 Insequitur3
448 2192 534 2265 fugio.
571 2192 684 2248 Fortior
702 2192 748 2248 ille
766 2191 829 2248 fuit.

212 2271 254 2328 Et
272 2274 387 2330 dederat
403 2275 485 2331 fratri
502 2275 608 2331 Boreas
622 2277 669 2347 jus
688 2294 770 2331 omne
787 2276 900 2348 repime,
1100 2345 1101 2350 ἵ

248 2357 342 2412 Ausus
360 2358 522 2415 Erechthea
537 2359 651 2432 praemia
667 2358 741 2414 ferre
759 2358 850 2414 domo.

213 2438 281 2494 Vim
298 2446 392 2496 temen
410 2443 540 2498 emendet
558 2442 650 2498 dendo
667 2441 737 2496 mihi
754 2441 867 2498 nomine
883 2447 994 2514 nupta:
1015 2444 1068 2498 205

249 2523 342 2596 Inque
358 2543 421 2580 meo
437 2543 495 2580 non
513 2530 556 2581 est
573 2525 632 2580 ulls
649 2525 763 2596 querele
778 2531 850 2580 toro.

212 2604 288 2661 Vere
305 2606 385 2662 fruor
402 2626 525 2679 semper:
544 2625 610 2663 vere
628 2614 671 2663 est
688 2607 870 2664 nitidissimus
889 2626 988 2664 annus.
1099 2609 1100 2658 ἓ

248 2689 342 2744 Arbor
359 2690 444 2746 eaba
461 2689 583 2755 emises,
601 2690 704 2762 paens
721 2709 830 2763 emper
850 2690 960 2748 uuum.
1099 2661 1100 2755 l

212 2771 267 2827 Est
284 2773 354 2827 mihi
371 2773 507 2829 fecundus
525 2774 664 2829 dotalibus
681 2773 780 2832 hortus
798 2773 828 2828 in
846 2774 936 2845 egris:

248 2856 328 2910 Aura
345 2855 436 2913 fovet:
456 2856 569 2928 liquidae
586 2856 664 2912 fonte
681 2855 791 2927 rigetur
809 2875 896 2928 aquia.
1018 2860 1080 2916 210

213 2936 300 2994 Hunc
317 2956 396 2994 meus
414 2938 540 3011 implevit
557 2957 692 3012 generoso
709 2939 778 2994 flore
794 2940 927 2996 meritus:

249 3020 344 3093 Atque
362 3022 410 3085 ait,
429 3022 587 3078 Arbitrium
604 3027 644 3084 tu,
663 3022 724 3086 dea,
744 3021 819 3077 floris
837 3021 918 3078 habe.

215 3102 293 3170 Saepe
311 3121 363 3172 ego
381 3104 503 3174 digestos
514 3105 593 3158 volui
610 3123 758 3160 numerare
776 3105 890 3170 colores,

248 3179 278 3231 N
280 3199 310 3233 ec
328 3184 415 3250 potui.
451 3184 579 3240 Numero
597 3188 676 3259 copie
693 3189 784 3260 major
801 3193 871 3244 erat.

212 3257 333 3313 Roscida
350 3279 413 3314 cum
430 3265 552 3332 primum
569 3267 642 3323 soliis
661 3287 776 3326 excussa
793 3270 896 3343 pruina
913 3276 967 3337 est,
1020 3276 1086 3334 215

247 3336 288 3390 Et
305 3339 387 3394 varie
405 3343 488 3398 radiis
506 3346 651 3418 intepuere
670 3369 771 3418 comoe3
1096 3427 1097 3466 1
