2252 3706
207 89 242 142 14
438 83 472 141 Ρ.
492 82 630 140 evron
648 69 825 139 sisoius
980 82 1061 154 [ns.

206 231 278 286 Cum
295 233 339 284 tot
358 229 415 284 sint
431 228 453 284 J
453 229 506 293 ani,
526 247 576 284 our
594 233 650 283 stas
669 233 793 283 sacratus
812 226 842 282 iu
858 245 923 292 uno,

242 312 299 368 Hic
316 312 366 367 ubi
379 313 478 384 juncta
495 311 562 366 foris
580 310 684 382 templa
701 310 810 365 duobus
827 310 934 366 hebes?

206 393 260 451 lile
277 413 364 450 manu
379 395 503 450 mulcens
520 412 672 466 propexam
689 393 726 448 ad
741 401 857 464 pectora
873 393 1000 460 barbam,

242 477 375 533 Protinus
393 477 501 533 OEbalii
517 477 629 533 rettulit
646 495 724 531 arma
741 475 815 540 mci,
1007 481 1064 535 260

195 559 303 631 'thue
319 560 388 616 levis
406 566 506 624 eustos,
526 559 640 614 armillis
659 565 740 630 capta
759 558 876 625 Sabinis,

241 643 289 698 Ad
306 661 419 712 summa
437 641 550 697 Tatium
567 642 678 697 duxerit
695 642 765 697 arcis
782 642 845 697 iter.
1102 707 1108 712 -

206 726 288 790 Inde,
306 725 384 781 velut
401 743 476 780 nunc
494 729 544 790 est,
563 743 614 796 per
632 743 715 797 quem
733 725 908 790 descenditis,
927 726 1029 798 inquit,

241 808 355 864 Arduus
372 808 403 862 in
420 807 506 863 valles
524 813 553 862 et
570 807 645 862 Fora
662 807 748 862 clivus
767 813 835 863 erat.

206 891 247 948 Et
261 893 321 963 jam
338 890 492 962 contigerat
508 895 626 962 portam,
647 889 779 946 Saturnia
796 893 875 964 cujus
1007 895 1064 950 265

242 973 391 1029 Demserat
408 973 548 1045 appositas
566 972 699 1028 insidiosa
716 991 801 1029 seras.

207 1057 279 1113 Cum
296 1062 375 1111 tanto
391 1056 497 1112 veritis
516 1055 689 1110 committere
706 1056 820 1111 numine
837 1075 969 1129 pugnam,

242 1139 308 1212 Ipse
325 1158 393 1194 mcae
411 1139 486 1194 movi
503 1139 618 1195 callidus
637 1139 704 1194 artis
723 1158 792 1211 opus
802 1163 809 1204 ς

207 1223 329 1295 Oraque,
349 1240 404 1295 qua
420 1221 527 1293 pollens
545 1239 598 1294 ope
616 1240 685 1286 sum,
705 1222 820 1277 fontana
837 1222 953 1288 reclusi3

243 1305 367 1377 Sumque
385 1305 543 1377 repentinas
562 1305 714 1376 ejaculatus
733 1323 828 1376 aquas.
1010 1309 1072 1367 270

207 1389 283 1444 Ante
301 1394 396 1444 tamen
413 1388 512 1460 gelidis
531 1388 637 1460 subjeci
654 1387 788 1459 sulphura
803 1387 889 1454 venis,

243 1469 393 1526 Clauderet
408 1475 443 1524 ut
460 1469 541 1525 Tatio
558 1469 682 1525 fervidus
700 1469 802 1524 humor
818 1469 880 1526 iter.

207 1553 295 1626 Cujus
312 1557 347 1608 ut
362 1552 469 1608 utilitas
486 1551 574 1623 pulsis
591 1559 724 1625 percepta
742 1551 860 1617 Sabinis,

243 1635 367 1707 Quoque
386 1635 449 1700 fuit,
467 1640 531 1690 tuto
548 1635 662 1691 reddita
678 1635 769 1690 forma
784 1635 846 1692 loco
863 1641 921 1702 est;

207 1719 267 1776 Ara
283 1718 353 1774 mihi
368 1719 460 1790 posita
478 1724 529 1782 ost,
548 1736 634 1789 parvo
652 1719 801 1789 conjuncta
818 1718 933 1775 sacello:
1013 1725 1073 1782 275

243 1800 314 1857 Haec
331 1800 424 1856 adolet
438 1799 555 1856 flammis
565 1819 637 1855 cum
656 1805 733 1855 strue
750 1799 826 1856 farra
842 1801 907 1856 suis.

207 1884 248 1940 At
266 1902 315 1940 cur
331 1902 399 1955 pace
417 1883 495 1947 lates,
513 1883 652 1954 motisque
669 1883 820 1938 recluderis
839 1884 942 1940 armis?

242 1966 273 2022 N
274 1985 305 2022 ec
322 1984 417 2030 mora;
438 1966 547 2037 quaesiti
563 1966 675 2022 reddita
693 1985 776 2021 eausa
792 1966 869 2022 mihi

206 2049 250 2106 Ut
266 2047 369 2122 populo
385 2049 492 2104 reditus
509 2053 625 2121 pateant
642 2049 679 2104 ad
695 2049 770 2104 bella
785 2049 919 2121 profecto,

243 2132 315 2188 Tota
331 2137 409 2203 patet
426 2132 521 2187 demta
535 2133 622 2203 janua
638 2137 735 2186 nostra
751 2149 821 2186 sera
1015 2138 1082 2196 280

207 2214 281 2272 Pace
299 2214 372 2269 fores
390 2213 470 2278 obde,
488 2232 525 2268 ne
543 2232 599 2285 qua
618 2213 760 2270 discedere
778 2211 880 2286 possit:

244 2297 424 2368 Caesareoque
442 2296 491 2351 diu
507 2297 620 2352 nomine
638 2297 746 2354 clausus
764 2315 819 2353 ero.

208 2381 306 2445 Dixit,
325 2384 362 2444 et,
381 2379 510 2435 attollens
528 2380 621 2435 oeulos
640 2380 750 2436 diversa
766 2385 886 2445 tuentes,

243 2462 381 2535 Adspexit
398 2467 458 2517 toto
476 2462 609 2534 quicquid
625 2462 655 2517 in
671 2463 738 2518 orbe
755 2462 825 2528 fiiis,

208 2545 268 2603 Pax
286 2551 360 2602 erat:
381 2550 411 2602 et
427 2545 521 2610 vestri,
540 2544 714 2609 Germanice,
734 2564 817 2602 causa
833 2545 975 2618 triumphi
1022 2554 1085 2610 285

244 2629 408 2685 Tradiderat
425 2628 541 2684 sammaa
559 2628 618 2700 jam
635 2627 689 2683 tibi
702 2628 819 2684 Rhenus
837 2647 932 2700 aquas.

208 2709 290 2776 June,
309 2710 368 2766 face
386 2716 512 2775 aeternos,
531 2729 636 2782 paoem,
652 2711 783 2783 pacisque
800 2711 958 2766 ministros:

243 2792 274 2848 N
275 2811 324 2849 eve
342 2812 432 2858 suum,
451 2799 559 2866 praesta,
579 2792 690 2848 deserat
707 2798 804 2849 auctor
821 2811 900 2866 opus.

209 2874 293 2945 Quod
310 2881 404 2932 tamen
422 2895 456 2931 ex
473 2876 540 2948 ipsis
557 2875 637 2930 licriit
654 2875 724 2931 mihi
742 2875 848 2932 discere
866 2876 964 2942 sustin

244 2958 393 3015 sacravere
409 2964 503 3031 patres
520 2959 573 3014 hac
591 2958 646 3014 duo
663 2958 767 3031 templa
786 2959 839 3014 die.
1020 2967 1086 3022 290

209 3041 326 3114 Accepit
343 3040 450 3096 Phoebo
466 3040 658 3114 Nymphaque
678 3040 816 3098 Coronide
834 3046 933 3098 natum

244 3123 350 3186 Insula,
369 3122 483 3178 dividua
500 3141 585 3194 quam
602 3124 705 3195 premit
723 3123 811 3179 amnis
829 3142 909 3195 aqua

209 3204 323 3275 Jupiter
340 3205 370 3258 in
389 3209 469 3275 parte
487 3210 538 3259 est.
584 3204 666 3276 Cepit
682 3205 758 3260 loeus
776 3224 849 3262 unus
866 3211 1048 3280 utrumque,

246 3283 405 3356 Juuotaque
424 3290 490 3338 sunt
506 3302 608 3356 magno
626 3286 731 3358 templa
747 3287 857 3360 nepotis
875 3305 936 3344 aro.
