2252 3706
177 86 214 140 ss
411 79 444 136 r.
464 78 603 136 cvrum
619 76 796 135 sisoius
952 75 1029 148 [ns

180 226 288 284 Moenia
301 227 361 298 jam
378 224 498 288 stabant,
516 223 626 295 populis
644 228 764 294 angiusta
780 220 893 285 futuris,

215 308 330 364 Credita
347 307 398 362 sed
414 305 504 360 turba
521 311 590 360 tuno
606 305 690 362 nimis
708 304 800 376 ampla
817 321 882 359 sua.

181 391 250 460 Ques
268 389 354 446 fuerit
370 388 468 451 nostri,
487 387 512 442 si
529 387 637 459 qnaeris,
655 387 734 458 regia
750 385 811 440 nuti
820 408 828 448 ς

214 471 335 543 Adspice
357 471 392 525 de
410 487 499 526 canna
516 469 755 541 straminibusque
770 467 891 522 domum.

180 554 218 608 In
235 553 339 625 stipula
355 552 458 625 placidi
476 551 608 622 carpebat
624 569 742 606 munera
759 547 863 604 somni:

214 635 256 690 Et
272 638 375 690 tamen'
385 653 419 689 ex
435 633 484 688 illo
501 633 580 688 venit
597 633 627 687 in
645 638 721 688 astra
737 638 808 686 toro.

179 716 300 789 Jamque
317 717 378 772 loco
394 716 485 786 majus
502 731 604 770 nomeu
621 713 764 770 Romanus
781 709 919 766 habebat:

213 799 244 854 N
245 817 277 854 ec
295 799 397 869 conjux
412 795 462 860 illi,
481 814 533 852 nec
551 813 630 852 socer
646 795 721 851 ullus
739 803 809 854 erat.

180 880 354 952 spernebant
371 896 488 950 generos
504 878 602 950 inopes
620 877 722 934 vicinia
738 877 832 936 dives:

213 963 254 1018 Et
270 963 342 1018 male
360 961 492 1018 credebar
509 961 651 1032 sanguinis
669 966 766 1016 auctor
784 980 846 1033 ego.
979 964 1029 1019 190

176 1045 214 1102 In
231 1045 346 1100 stabulis
364 1044 511 1107 habitasse,
530 1044 615 1100 boves
633 1043 750 1114 pavisse,
769 1044 897 1108 nocebat,

211 1126 233 1182 J
233 1145 372 1198 ugeraque
390 1124 489 1180 inculti
505 1143 594 1196 pauca
610 1129 706 1180 tenere
724 1124 784 1180 soli.

178 1207 249 1264 Cum
266 1227 332 1280 parc
350 1225 466 1280 quaeque
484 1225 534 1262 suo
552 1212 654 1262 coeunt
671 1205 852 1278 volucresque
870 1206 1007 1279 seraque:

211 1291 307 1362 Atque
324 1289 453 1361 aliquam,
472 1287 508 1343 de
524 1307 581 1360 qua
597 1293 733 1359 procreet,
752 1289 850 1357 anguis
869 1287 963 1344 habet.

176 1371 318 1428 Extremis
336 1371 438 1426 danum
456 1370 594 1426 connubia
611 1369 757 1441 gentibus:
777 1376 814 1433 st,
834 1389 895 1442 quae
979 1373 1029 1428 195

210 1453 339 1510 Romano
356 1453 441 1507 vellet
457 1451 572 1514 nubere,
591 1451 668 1506 nulla
687 1451 750 1506 fuit.
840 1491 844 1500 ,

179 1535 310 1600 Indolui;
329 1534 502 1606 patriamque
521 1533 586 1589 dedi
602 1533 663 1596 tibi,
682 1532 810 1596 Romule,
828 1538 960 1588 mentem.

213 1615 293 1673 Tolle
314 1634 419 1688 preces,
439 1615 511 1670 dixi:
531 1615 607 1687 quod
622 1615 704 1686 petis,
723 1633 800 1670 arma
817 1615 931 1672 dubunt.

179 1697 266 1754 Festa
283 1701 356 1770 para'
369 1697 474 1753 Conso:
495 1697 603 1753 Consus
621 1696 673 1752 tibi
692 1703 791 1752 cetera
808 1696 889 1761 dicet,

211 1779 267 1836 111ο
285 1781 359 1835 facta
377 1780 421 1835 die
439 1798 503 1835 cum
521 1798 572 1834 sua
589 1795 668 1834 sacra
685 1797 775 1834 canes.
807 1772 811 1782 ⁴
977 1781 1032 1835 200
1106 1781 1115 1862 t

175 1861 339 1918 Intumuere
358 1861 454 1926 Cures,
473 1866 502 1917 et
519 1879 589 1933 quos
608 1860 687 1916 dolor
704 1860 798 1932 attigit
816 1861 891 1918 idem
900 1884 908 1926 ς

211 1943 283 1999 Tum
300 1944 421 2015 primum
438 1943 547 2015 generis
565 1943 663 1998 intulit
681 1961 758 1998 arma
775 1961 860 1998 socer.

177 2023 298 2097 Jamque
315 2025 374 2080 fere
392 2030 478 2097 raptae
495 2030 617 2079 matrum
635 2042 745 2096 quoque
756 2043 858 2079 nomen
869 2023 1030 2080 habebant:

212 2105 367 2178 Tractaque
385 2113 465 2162 erant
482 2106 567 2177 longa
583 2105 657 2162 bella
672 2106 829 2178 propinqua
846 2124 931 2162 mera

180 2188 356 2245 Conveniunt
372 2193 467 2260 nuptae
485 2188 589 2244 dictam
605 2187 726 2244 Junonis
744 2189 774 2243 in
791 2188 893 2248 adem:
976 2190 1032 2246 205

210 2269 287 2338 Quas
305 2269 379 2324 inter
395 2283 458 2324 mea
475 2269 515 2325 sic
532 2275 576 2325 est
593 2287 680 2326 nurus
699 2288 762 2326 orsa
781 2269 873 2342 loquis

178 2350 204 2407 O
223 2351 328 2423 pariter
344 2357 439 2424 raptu,
458 2352 588 2424 quoniam
605 2352 659 2408 hoo
677 2358 977 2416 communicaremus,

209 2431 278 2488 Non
294 2432 369 2488 ultra
385 2433 461 2488 lente
478 2451 624 2504 possumus
643 2451 703 2489 esse
720 2433 781 2504 pie.

174 2513 257 2570 Stant
274 2515 345 2570 acies
354 2538 362 2578 ς
382 2507 432 2570 sed
448 2520 514 2570 utra
531 2514 561 2570 dt
578 2515 635 2570 sint
650 2533 704 2586 pro
721 2521 802 2587 parte
821 2515 952 2586 rogandi,

207 2595 320 2667 Eligits.
356 2595 434 2651 Hinc
453 2597 562 2667 conjux,
575 2596 641 2652 hinc
653 2602 734 2669 pater
746 2615 823 2652 arma
833 2603 941 2653 tenent.
972 2599 1031 2654 210

175 2676 371 2746 Quaerendum,
390 2678 481 2734 vidum
498 2676 560 2732 fieri
576 2677 713 2743 malimus,
733 2697 769 2734 an
786 2678 868 2734 orba.
975 2741 978 2748 ¹

197 2758 364 2816 ¹Consilium
380 2760 460 2816 vobis
477 2759 550 2815 forte
567 2760 700 2832 piumque
718 2760 799 2816 dabo.

172 2839 327 2897 Consilium
346 2841 470 2898 dederat.
507 2841 620 2906 Parent,
639 2843 799 2914 crinemque
815 2841 968 2909 resolvunt,

206 2922 362 2994 Maestaque
379 2922 495 2980 firnerea
512 2940 627 2994 corpora
643 2929 721 2980 veste
739 2929 849 2996 tegunt.
1111 2983 1115 3008 ‹

169 3001 236 3059 Jsm
254 3003 367 3061 stabant
383 3004 455 3064 ames
472 3002 548 3064 ferro
565 3005 704 3080 mortique
721 3012 841 3080 passim
968 3008 1027 3067 215

205 3084 272 3138 Jam
288 3084 374 3140 lituus
391 3105 491 3157 pugnes
509 3088 589 3159 signa
605 3089 722 3145 datium
740 3096 817 3145 erat:

170 3161 242 3216 Ouin
259 3169 344 3233 rupim
361 3167 478 3220 veniunt
494 3168 568 3223 inter
584 3176 734 3243 patresque
752 3173 899 3244 virosque;

205 3240 297 3312 Inque
314 3243 378 3298 sinu
394 3250 482 3310 natos,
500 3248 619 3319 pignora
636 3269 707 3315 cara,
726 3251 830 3307 serunt.
