2250 3704
64 171 127 242 m]
422 165 550 224 essm.

62 315 215 372 Frondibus
234 322 263 371 et
281 314 344 370 fixis
364 313 530 370 decorentur
547 313 630 369 ovilia
647 316 740 380 ramis,

95 399 134 453 Et
152 405 233 469 tegat
251 403 363 454 ornatas
380 396 465 467 longa
482 414 584 450 corona
600 397 683 453 fores.

63 481 175 538 Caerulei
192 481 263 536 fiant
280 481 344 536 vivo
363 480 397 535 de
416 479 522 534 sulfure
541 479 619 544 fumi,

94 564 235 636 'factaque
253 563 373 618 fumanti
390 561 496 617 sulfure
514 562 591 617 balet
609 564 676 618 ovis.
861 563 915 622 740

61 647 116 702 Ure
134 666 225 702 mares
243 647 324 710 oleas,
343 645 508 717 taedamque,
526 643 683 717 herbasque
703 645 845 713 Sabinas,-

93 731 133 785 Et
152 735 247 802 crepet
264 730 294 784 in
311 729 409 784 mediis
428 728 523 782 laurus
542 729 642 783 adusta
659 729 737 784 focis.

59 813 184 885 Libaque
203 813 237 868 de
255 812 335 867 milio
349 811 420 867 milii
437 809 542 866 fiscella
559 818 708 883 sequatur:

93 896 211 951 Rustica
228 895 364 968 precipue
383 899 427 948 est
444 892 497 948 hoc
515 894 569 949 dea
584 894 650 949 laeta
668 894 738 950 cibo.

59 979 139 1035 Adde
150 979 236 1050 dapes
244 979 448 1049 mulctramque
458 995 536 1032 suas:
549 977 722 1050 dapibusque
731 979 845 1034 resectis
859 978 914 1036 745

94 1062 264 1134 Sylvioolam
281 1061 376 1133 tepido
393 1060 467 1115 lacte
484 1078 598 1132 precare
617 1059 713 1116 Palen.

60 1145 187 1208 Consule,
207 1144 260 1208 dic,
278 1143 372 1215 pecori
388 1143 494 1215 pariter
511 1144 674 1215 pecorisque
693 1145 848 1217 magistris=

91 1227 223 1299 Effugiat
240 1226 356 1282 stabulis
375 1244 448 1280 noxa
465 1225 577 1298 repulsa
594 1227 672 1280 meis.

60 1310 124 1366 Sive
143 1328 223 1364 sacro
240 1310 314 1381 pavi,
333 1309 427 1365 sedive
446 1308 498 1364 sub
516 1308 614 1364 arbore
633 1327 728 1375 sacra;

92 1393 257 1465 Pabulaque
274 1394 304 1446 in
321 1392 410 1448 bustis
428 1392 515 1448 inscia
532 1393 635 1464 carpsit
653 1393 727 1447 ovis:
857 1393 913 1451 750

59 1476 116 1532 Seu
134 1495 234 1532 nemus
252 1475 354 1530 intravi
370 1475 499 1540 vetitum,
517 1475 655 1530 nostrisve
674 1475 777 1547 fugatae

95 1560 171 1614 Sunt
188 1559 275 1616 oculis
293 1559 443 1631 Nymphae,
463 1557 648 1629 semicaperve
667 1559 753 1614 deus:

59 1642 117 1698 Seu
134 1661 199 1698 mea
216 1642 273 1696 falx
290 1660 368 1696 ramo
386 1642 480 1696 lucum
498 1641 633 1713 spoliavit·
645 1660 740 1713 opaco,

93 1725 180 1781 Unde
198 1726 265 1780 data
282 1731 325 1780 est
343 1742 422 1795 aegrae
440 1723 537 1780 fiscina
555 1725 661 1780 frondis
680 1725 741 1780 ovi:

56 1807 103 1862 Da
121 1807 232 1863 veniam
250 1807 352 1878 culpae:
371 1825 431 1870 nec,
450 1806 518 1862 dum
536 1807 729 1878 degrandinat,
748 1807 822 1862 obsit
863 1808 916 1866 755

92 1891 209 1962 Agresti
227 1889 325 1944 Fauno
343 1889 519 1962 supposuisse
537 1910 631 1962 pecus.

53 1972 86 2027 N
88 1993 120 2028 ec
138 1978 237 2029 noceat
254 1972 380 2028 turbasse
398 1973 483 2028 lacus.
520 1973 670 2045 Ignoscite,
689 1973 842 2045 Nympha,

94 2055 179 2110 Mota
190 2055 267 2127 quod
284 2055 414 2112 obscuras
432 2055 537 2127 ungula
555 2055 622 2111 fecit
640 2075 737 2127 aquas.

54 2137 111 2202 Tu,
132 2138 192 2202 dea,
212 2156 264 2210 pro
282 2138 363 2193 nobis
381 2137 474 2194 fontes
493 2139 663 2210 fontanaque
681 2138 760 2210 placa

94 2221 230 2284 Numina,
249 2227 284 2275 tu
301 2239 409 2293 sparsos
427 2241 479 2293 per
495 2241 594 2277 nemus
612 2239 693 2276 omne
712 2222 788 2276 deos.
865 2221 919 2279 760

53 2303 122 2358 Nec
141 2302 281 2376 Dryadas,
301 2323 352 2359 nec
369 2322 420 2359 nos
438 2304 581 2360 videamus
600 2304 678 2359 labra
695 2303 802 2368 Diana,

93 2386 125 2440 N
127 2405 159 2442 ec
177 2386 317 2449 Faunum,
336 2386 429 2442 medio
448 2406 511 2442 cum
529 2387 632 2458 premit
650 2405 716 2441 arva
733 2387 787 2442 die.

51 2469 139 2525 Pelle
151 2469 249 2541 promul
260 2469 380 2524 morbos.
416 2469 540 2525 Valeant
550 2468 732 2542 hominesque
744 2487 899 2542 gregesque
911 2494 917 2524 :

92 2551 137 2607 Et
152 2551 266 2607 valeant
284 2552 391 2623 vigiles,
410 2553 528 2625 provida
544 2553 636 2616 tnba,
656 2570 745 2608 canes.
924 2615 935 2621 p

48 2635 142 2692 Neve
153 2635 246 2689 minus
259 2635 361 2689 multas
373 2635 507 2707 redigam,
521 2655 606 2707 quam
617 2654 698 2690 mane
711 2635 842 2700 fuerunt;
864 2634 917 2692 765

90 2717 178 2773 Neve
197 2737 308 2789 gemam
325 2718 449 2773 referens
467 2718 572 2774 vellera
588 2725 670 2790 rapta
686 2718 763 2789 lupe.

44 2802 145 2858 Absit
162 2800 259 2872 iniqua
276 2800 373 2856 fames.
411 2801 524 2866 Herbae,
543 2801 712 2872 frondesque
731 2801 887 2873 supersint:

91 2883 225 2954 Quaeque
244 2883 338 2938 lavent
356 2889 442 2948 artus,
462 2903 579 2955 quaque
598 2884 739 2947 bibantur,
759 2903 846 2956 aqua.

41 2969 158 3025 Ubera
175 2965 259 3037 plena
275 2985 409 3037 premam.
446 2966 563 3024 Referat
580 2967 650 3022 mihi
668 2985 763 3021 caseus
782 2986 853 3032 ara,

85 3050 230 3120 Dentque
247 3049 322 3104 riam
339 3049 447 3121 liquido
464 3050 569 3105 vimina
585 3069 650 3106 rara
667 3067 738 3104 sero.
866 3049 920 3108 770

1 3119 2 3129 ¹
40 3137 161 3206 Sitque
180 3130 257 3185 salax
274 3131 362 3197 aries;
382 3138 570 3204 conceptaque
589 3132 695 3187 semina
713 3133 814 3203 conjux

81 3213 227 3279 Reddat3
247 3218 276 3269 et
294 3213 324 3268 in
342 3215 452 3270 stabulo
469 3215 559 3271 multa
576 3215 614 3270 sit
632 3233 704 3286 agua
721 3232 792 3269 meo.

37 3305 195 3368 Lanaque
213 3297 368 3368 proveniat,
387 3298 478 3353 nullas
496 3297 595 3352 laesura
612 3297 727 3368 puellas,

78 3377 205 3443 Mollis,
224 3383 254 3434 et
272 3379 309 3435 ad
325 3385 436 3436 teneras
454 3379 690 3454 quamlibetapta
706 3395 813 3432 manus.
