2252 3706
170 95 206 149 ee
401 90 435 148 r.
455 91 594 148 eumn
611 91 789 149 uasorue
946 93 1025 164 [nm.

171 235 241 291 Esse
259 236 328 292 duas
345 235 455 300 Arctos,
475 253 592 307 quarum
610 233 756 306 Cynosura
773 238 886 305 petatur

208 317 337 382 Sidoniis,
357 317 477 374 Helicen
496 317 582 372 Greia
600 317 694 372 carina
710 316 809 371 notet?

172 399 321 471 Signaque,
340 418 401 471 quae
418 398 501 470 longo
519 399 607 454 frater
623 404 786 469 percenseat
803 416 885 461 anno,

205 481 253 536 Ire
272 499 322 552 per
339 481 397 536 haec
414 499 471 536 uno
488 499 583 536 mense
603 480 703 534 sororis
723 479 828 552 equos?
974 483 1025 535 110

171 561 273 617 Libere
291 562 448 626 currebant,
468 568 496 619 et
513 561 690 617 inobservata
706 580 757 633 per
774 580 878 616 annum

208 642 320 700 Sidera:
341 643 487 700 constabat
504 644 555 699 sed
571 649 666 698 tamen
683 661 743 698 esse
762 643 835 698 deos.

170 726 201 781 N
202 744 239 780 on
255 726 297 779 illi
314 725 382 783 coelo
399 726 522 781 labentia
540 725 619 797 signa
636 724 794 788 movebant,

207 807 264 862 Sed
281 825 348 871 sue;
368 826 429 879 quae
446 826 578 879 magnum
595 807 713 878 perdere
732 807 836 861 crimen
855 812 924 862 erat.

171 888 226 942 lile
243 889 355 961 quidem
373 889 462 944 foeno:
483 889 533 945 sed
551 894 611 944 erat
628 888 785 943 reverentia
802 887 885 952 foeno,
971 890 1022 946 115

207 969 351 1037 Quantum
368 989 443 1026 nunc
461 971 566 1043 aquilas
585 969 673 1026 cernis
692 969 794 1024 hebere
812 976 884 1025 tuas.

170 1051 281 1106 Pertica
298 1070 446 1123 suspensos
464 1052 594 1124 portabat
610 1051 694 1123 longa
711 1052 846 1123 maniplos
855 1076 863 1116 ;

205 1131 288 1188 Unde
305 1133 465 1204 maniplaris
483 1134 595 1188 nomina
612 1134 691 1188 miles
709 1133 802 1189 habet.

170 1213 248 1286 Ergo
266 1214 350 1269 animi
367 1214 508 1279 indociles,
528 1221 557 1271 et
575 1215 666 1270 adhuc
683 1217 790 1270 ratione
809 1222 933 1271 carentes

206 1296 354 1350 Mensibus
373 1302 491 1368 egerunt
507 1297 596 1351 lustra
613 1297 720 1352 minora
738 1297 840 1352 decem.
972 1300 1025 1355 120

170 1377 269 1433 Annus
289 1383 356 1442 eret,
375 1377 513 1433 decimum
532 1397 595 1434 cum
611 1379 678 1432 luna
695 1379 850 1450 repleverat
867 1379 975 1434 orbem.

206 1457 263 1513 Hic
281 1477 412 1514 numerus
429 1478 532 1531 magno
549 1465 617 1516 tunc
636 1461 665 1516 in
682 1461 786 1517 honore
804 1461 866 1516 fuit.

172 1537 228 1594 Seu
245 1539 312 1611 quie
327 1545 371 1594 tot
389 1540 477 1612 digiti,
496 1559 547 1612 per
565 1559 634 1614 quos
652 1561 799 1598 numerare
818 1543 956 1608 solemus;

208 1621 264 1676 Seu
282 1622 346 1694 quie
362 1622 405 1677 bis
423 1623 509 1696 quino
527 1623 640 1678 foemina
657 1643 752 1680 mense
769 1625 859 1696 parit3

169 1701 228 1758 Seu
236 1703 312 1775 quod
321 1704 444 1777 adusque
454 1705 549 1760 decem
556 1723 673 1760 numero
683 1711 821 1762 crescente
828 1706 941 1761 venitur
949 1731 957 1771 ;
972 1708 1023 1764 125

207 1785 379 1858 Principium
397 1787 495 1858 spatiis
513 1787 633 1842 sumitur
650 1786 716 1842 inde
733 1789 820 1842 novis.

171 1865 244 1921 Inde
261 1886 341 1939 pares
360 1875 472 1924 centurn
490 1869 576 1924 denos
594 1870 713 1925 secrevit
729 1869 760 1924 in
777 1869 858 1926 orbes

206 1949 352 2014 Romulus,
370 1950 494 2006 hastatos
512 1950 688 2023 instituitque
707 1951 810 2007 decem.

150 2029 209 2085 -Et
227 2030 344 2089 totidem
360 2032 497 2104 princeps,
516 2032 634 2088 totidem
650 2033 768 2106 pilanus,
786 2033 909 2089 habebat

206 2111 336 2184 Corpora,
355 2113 480 2185 legitimo
497 2115 601 2186 quique
619 2115 744 2170 merebat
762 2133 841 2186 equo.
970 2118 1025 2173 130

170 2192 246 2261 Quin
264 2194 348 2249 etiam
365 2199 458 2267 partes
476 2195 594 2250 totidem
612 2194 782 2252 Titiensibus
800 2197 883 2260 idem,

205 2274 337 2348 Quosque
354 2283 455 2332 vocant
472 2277 603 2342 Ramnes,
623 2276 830 2351 Luceribusque
849 2278 936 2334 dedit.

167 2356 301 2413 Assuetos
319 2358 406 2430 igitur
422 2377 551 2414 numeros
570 2360 692 2415 servavit
708 2359 739 2414 in
757 2378 837 2415 anno.

203 2437 268 2496 Hoc
284 2441 364 2512 luget
381 2441 470 2512 spatio
487 2440 599 2496 foemina
617 2447 713 2496 maesta
730 2441 829 2496 virum.

167 2519 234 2576 Neu
252 2522 371 2586 dubites,
390 2523 485 2594 prime
503 2521 608 2578 iirerint
626 2524 694 2595 quin
712 2529 777 2580 ante
795 2523 931 2580 Kalendae
968 2528 1022 2582 135

202 2602 304 2659 Martis
313 2628 320 2668 ;
340 2603 377 2658 ad
393 2604 452 2659 haec
469 2604 592 2660 animum
610 2604 689 2677 signa
706 2605 811 2661 referre
828 2613 917 2678 potes.

164 2682 274 2740 Laurea
291 2685 473 2750 Fluminibus,
493 2705 553 2758 quae
571 2692 631 2741 toto
649 2688 773 2759 perstitit
791 2707 872 2752 anno,

200 2764 327 2831 Tollitur,
347 2774 376 2823 et
393 2767 506 2824 frondes
524 2767 635 2824 suntin
654 2768 760 2824 honore
778 2787 864 2824 novae.

164 2845 186 2902 J
186 2866 259 2902 anua
276 2867 349 2904 nunc
367 2850 441 2921 regis
459 2849 550 2922 posita
567 2849 640 2906 viret
658 2850 757 2906 arbore
774 2851 889 2907 Phoebi:

199 2929 275 2984 Ante
292 2934 355 2984 tuas
373 2930 407 2985 fit
424 2931 507 2996 idem,
526 2931 604 2985 curia
619 2931 719 3003 prisca,
738 2932 821 2988 sores.
966 2938 1022 2994 140
1100 2923 1116 2971 ⁴*

89 3063 92 3069 ,
163 3009 253 3066 Veste
271 3029 382 3082 quoque
400 3017 433 3066 ut
450 3012 517 3067 folio
534 3012 623 3067 niteat
641 3013 732 3069 velata
748 3015 863 3080 recenti,

199 3090 281 3144 Cedit
299 3090 334 3145 ab
352 3091 446 3144 Iliacis
463 3093 559 3147 laurea
576 3110 646 3148 cane
662 3093 740 3150 focis.

162 3166 253 3228 Adde,
273 3168 348 3236 quod
366 3186 465 3223 arcana
482 3171 542 3226 fieri
560 3191 649 3228 novus
667 3175 740 3245 ignis
758 3176 789 3229 in
806 3177 865 3232 aede

197 3243 319 3310 Dicitur,
338 3249 368 3300 et
384 3247 457 3302 vires
475 3248 586 3306 flemma
603 3253 709 3312 refecta
727 3257 809 3326 cepit.
