2250 3704
179 97 216 151 94
410 93 443 149 P.
463 92 603 149 OVIDII
620 93 799 152 NASONIS
955 97 1038 169 [Lm.

179 238 268 294 Filius
286 238 370 311 hujus
389 245 449 294 erat
465 239 556 312 primo
573 239 692 296 lascivus
711 241 741 296 in
759 261 824 306 avo,

215 322 426 394 Addideretque
444 341 530 377 annos
549 323 585 378 ad
604 323 660 378 duo
678 324 768 379 lustra
785 325 863 380 duos.

179 403 210 459 Is
228 406 302 477 capit
321 406 439 461 extremi
455 405 569 477 vulpem
587 406 639 461 sub
657 407 730 462 valle
749 408 852 463 selioti:

214 487 379 544 Abstulerat
396 489 498 544 multas
517 488 566 543 illa
584 489 704 544 cohortis
723 509 797 546 aves.

180 571 325 643 Captivam
343 571 447 643 stipula
462 571 591 643 foenoque
609 573 733 636 involvit,
754 580 783 628 et
801 574 878 646 ignes
984 576 1038 634 705

214 653 363 710 Admovet.
400 655 522 710 Urentes
541 654 640 725 effugit
658 655 705 709 illa
723 675 830 711 manus.

180 736 245 805 Qua
262 737 344 809 fugit,
363 737 487 792 incendit
504 737 619 792 vestitos
637 738 774 793 messibus
794 758 890 811 agros:

216 818 364 876 Damnosis
382 819 454 875 vires
472 819 583 891 ignibus
602 839 670 875 aura
687 820 781 876 dabat.

179 902 299 958 Factum
308 903 391 958 abiit:
405 908 585 957 monumenta
593 910 715 958 manent.
735 903 765 958 N
766 923 811 959 am
821 904 1040 979 vivereoaptam

215 985 245 1040 N
245 1005 300 1040 uno
317 1004 428 1057 quoque
445 985 491 1040 lex
506 984 620 1057 vulpem
639 985 806 1042 Carseolana
822 993 909 1044 vetat.
983 990 1040 1048 710

180 1068 276 1140 thue
293 1069 354 1122 luat
371 1087 465 1140 poenas
484 1087 552 1139 gens
570 1066 637 1131 haee,
657 1068 816 1124 Cerealibus
835 1070 930 1127 ardet:

216 1151 336 1224 Quoque
354 1151 436 1206 modo
455 1157 562 1222 segetes
581 1150 711 1222 perdidit,
731 1152 791 1224 ipsa
802 1153 884 1224 perit.

1079 716 1102 748 'l

180 1312 298 1368 Postera
315 1332 379 1368 eum
395 1313 489 1368 veniet
507 1319 596 1368 terras
614 1313 708 1368 visura
725 1321 853 1385 patentes

216 1396 375 1450 Memnonis
394 1397 424 1450 in
440 1396 527 1451 roseis
543 1395 621 1450 lutea
637 1401 728 1452 mater
747 1397 840 1469 equis;

179 1477 206 1532 E
225 1478 295 1533 duee
313 1479 431 1550 lanigeri
448 1479 564 1549 peeoris,
584 1479 632 1550 qui
649 1479 774 1549 prodidit
792 1479 906 1546 Hellen,
985 1484 1041 1542 715

217 1560 266 1616 Sol
283 1561 356 1616 abit:
376 1579 488 1632 egresso
505 1560 620 1616 victima
636 1561 726 1632 major
744 1563 832 1618 adest.

179 1643 273 1699 Vsaoa
290 1645 327 1699 sit
345 1663 381 1699 an
398 1651 504 1708 taurus,
523 1644 582 1699 sive
601 1650 644 1699 est
662 1662 827 1716 cognoscere
845 1653 1008 1719 promtum:

215 1729 285 1784 Pars
303 1729 379 1801 prior
397 1733 527 1800 apparet;
552 1729 707 1799 posteriora
723 1728 820 1784 latent.

181 1810 239 1867 Seu
255 1818 350 1866 tamen
367 1817 411 1866 est
428 1817 533 1875 lauriss,
553 1811 610 1866 sive
629 1816 672 1866 est
688 1811 742 1866 hoo
760 1811 872 1868 foemina
890 1813 1015 1886 signum,

214 1894 328 1950 Junone
345 1894 433 1949 iuvita
450 1911 550 1948 munus
569 1894 669 1948 amoris
687 1894 781 1950 habet.
983 1897 1047 1956 7⁶20

180 1975 210 2032 N
212 1995 247 2032 ox
264 1978 341 2042 abiit,
361 1977 504 2048 oriturque
522 1977 640 2032 Aurora.
678 1977 778 2033 Palilia
794 1996 902 2049 posoor.

215 2059 284 2115 Non
300 2078 400 2131 poseor
417 2060 530 2124 trustra
550 2059 574 2114 si
592 2060 668 2116 favet
686 2061 759 2115 alma
776 2060 866 2117 Peles.

179 2143 264 2198 Alma
281 2142 371 2206 Pales,
390 2142 483 2197 faveas
500 2144 623 2214 pastoris
641 2161 719 2198 saera
736 2145 855 2208 canenti,

215 2225 372 2297 Prosequor
390 2226 477 2280 officio
496 2226 520 2280 si
537 2231 588 2280 tue
605 2225 678 2280 festa
694 2226 750 2297 pio.

180 2308 263 2364 Certe
282 2327 334 2381 ego
352 2307 386 2363 de
403 2308 492 2363 vitulo
510 2307 639 2372 cinerem,
659 2309 829 2380 stipulasque
847 2309 964 2376 fabales,
984 2313 1047 2371 725

217 2391 294 2463 Saepe
311 2391 365 2446 tuli
381 2391 471 2463 plena,
490 2391 590 2447 februa
608 2397 691 2455 easta,
709 2411 802 2446 manu.

181 2475 263 2532 Certe
282 2494 334 2547 ego
351 2473 480 2529 transilui
495 2473 601 2546 positas
619 2479 664 2528 ter
681 2475 711 2528 in
729 2473 825 2529 ordine
844 2474 982 2542 flammas,

215 2558 359 2630 Virgaque
376 2562 482 2612 roratas
500 2556 597 2611 laurea
613 2557 689 2612 misit
707 2576 801 2628 aquas.

180 2641 263 2696 Mota
281 2641 333 2696 dea
351 2645 401 2703 est,
421 2639 553 2711 operique
571 2638 655 2695 favet.
691 2639 721 2694 N
723 2640 846 2695 avulibus
865 2641 922 2695 exit

215 2723 336 2796 Puppis:
356 2722 462 2778 habent
477 2729 576 2777 ventos
590 2723 651 2794 jam
669 2742 732 2778 mea
748 2723 810 2778 vela
828 2742 901 2778 suos.
986 2727 1059 2788 730

180 2805 197 2860 Ι
214 2813 279 2878 pete
296 2807 429 2878 virginea,
449 2805 577 2877 populus,
597 2806 724 2862 suffimen
742 2806 777 2861 ab
796 2825 858 2861 ara:

215 2888 305 2944 Vesta
322 2889 409 2945 dabit.
445 2887 540 2944 Vestae
558 2907 674 2944 munere
691 2907 779 2961 purus
798 2889 861 2944 eris.

180 2972 298 3045 Sanguis
317 2973 383 3044 equi
400 2971 527 3027 suffimen
544 2972 606 3036 erit,
624 2973 761 3044 vitulique
779 2971 889 3027 favilla:

214 3054 310 3109 Tertia
326 3072 379 3117 res,
399 3055 475 3109 durae
493 3055 603 3110 eulmen
620 3055 703 3111 inane
721 3055 799 3110 fabae.

178 3133 286 3195 Pastor,
306 3151 370 3187 oves
389 3141 496 3190 saturas
515 3136 551 3191 ad
569 3137 658 3208 prima
676 3137 837 3210 crepuscula
854 3137 953 3195 lustra
985 3143 1064 3209 735

213 3211 278 3264 Uda
294 3213 371 3280 prius
390 3223 510 3286 spargat,
529 3219 663 3289 virgaque
681 3226 776 3275 verrat
792 3219 923 3275 humum..
