2250 3704
92 195 157 267 111]
441 194 569 252 nasus.
893 196 929 254 rs

89 341 181 404 alea,
198 345 310 413 tresque
328 359 413 412 super
429 346 518 396 strete
535 341 711 398 celebrantur
729 361 822 399 111111

119 423 232 478 Ensibus
249 424 365 479 exsertis
382 423 483 479 bellice
499 423 564 479 laeta
581 424 634 479 dea
651 429 703 480 eet.

88 505 191 562 Pallada
206 524 280 562 nune
297 506 387 577 pueri,
405 511 564 578 teuemque
581 512 678 562 ornate
695 507 802 579 puelle.
874 510 927 564 815

120 587 171 656 Qui
185 588 256 645 bene
272 588 392 661 plnearit
408 588 533 652 Pallada,
552 589 651 643 doetus
669 590 732 645 erit.

87 670 190 727 Pallade
204 671 322 744 placata,
340 671 433 726 lanam
449 671 559 726 mollire
576 671 677 742 puellm

20 779 50 822 Ὶ9
117 753 236 819 Discunt,
255 760 284 808 et
301 753 397 825 plenas
416 771 566 818 exonerare
584 753 668 809 eolos.

85 835 135 890 ]]11
149 837 230 892 etiam
247 841 353 890 stantes
370 835 449 890 radio
466 853 629 906 percurrere
646 835 716 891 telas

115 917 220 982 Erudit,
239 924 268 973 et
285 936 380 972 rarum
396 918 506 989 pectine
525 917 624 972 denset
641 937 720 990 opus.
875 922 929 975 820

83 999 159 1056 Hane
175 1001 242 1065 eole,
260 1001 309 1072 qui
326 1001 448 1056 maculas
464 1000 536 1054 laesis
557 1001 592 1056 de
609 1001 734 1056 vestibus
752 1001 860 1057 aufers:

115 1083 193 1139 Hane
210 1083 276 1147 eole,
295 1083 445 1138 velleribus
463 1083 591 1154 quisquis
609 1084 699 1138 ahena
715 1103 805 1156 perse.

82 1164 109 1221 N
110 1185 139 1222 ee
154 1166 300 1238 quisquam
317 1165 406 1220 invita
423 1165 507 1220 faeiet
525 1165 598 1221 bene
614 1167 726 1222 vincula
741 1167 844 1240 plantas

113 1248 239 1313 Pallade;
259 1248 296 1303 sit
314 1247 421 1320 Tychio
439 1248 546 1302 doctior
564 1247 611 1303 ille
628 1248 703 1304 lieet.

79 1329 117 1385 Et
133 1331 196 1386 lieet
213 1331 328 1402 antiquo
345 1330 473 1385 manibus
492 1329 607 1385 eollntus
625 1329 706 1402 Epeo
874 1333 927 1386 825

113 1412 154 1468 Sit
170 1414 261 1484 prior;
280 1413 352 1467 irata
368 1411 483 1466 Pallade
500 1431 615 1466 maneus
630 1413 693 1467 erit.

78 1494 135 1551 Vos
151 1514 270 1568 quoque,
289 1495 412 1550 Phoebea
427 1495 540 1550 morbos
558 1495 607 1566 qni
624 1495 729 1566 pellitis
745 1500 815 1560 arte,

110 1577 232 1633 Munera
248 1578 284 1632 de
300 1578 401 1632 vestris
418 1596 508 1649 pauea
524 1576 627 1633 referte
646 1577 713 1632 deae.

73 1658 137 1715 Neo
152 1678 202 1714 vos
218 1660 303 1714 turba
319 1660 408 1723 deam,
427 1679 514 1715 eensu
530 1659 668 1724 fraudata,
686 1659 814 1732 magistri

109 1741 255 1814 spernite:
274 1741 425 1814 discipulos
442 1741 564 1796 attrahet
582 1742 632 1796 illa
648 1759 743 1796 novos.
873 1744 928 1798 830

71 1825 187 1896 Quique
204 1843 298 1879 moves
316 1824 424 1887 ooelum,
445 1824 623 1895 tabulamque
641 1823 779 1879 ooloribns
796 1824 854 1879 uris
863 1848 872 1890 ς

19 1969 20 1984 ¹
107 1906 222 1978 Quique
240 1905 308 1961 fneis
326 1907 409 1961 doeta
424 1906 520 1960 mollis
537 1925 603 1961 saxa
619 1925 714 1962 manu.

68 1989 154 2045 Mille
172 1989 225 2044 dea
239 1995 282 2043 est
299 2006 432 2060 operum
451 1997 527 2045 eerte
545 1989 598 2044 dee
615 1988 743 2044 carminis
760 1988 809 2044 ills
826 1994 878 2044 eat

104 2071 139 2126 Si
155 2089 272 2134 mereor,
291 2071 391 2125 studiis
409 2071 482 2125 adsit
500 2072 589 2126 amice
605 2072 683 2127 meis.

65 2154 172 2210 Coelius
191 2173 226 2209 ex
243 2153 300 2208 alto
317 2171 374 2225 qua
390 2172 470 2209 mons
487 2154 632 2208 deseendit
649 2155 680 2208 in
697 2172 823 2225 sequum:
872 2157 925 2210 835

101 2235 163 2291 Hie
181 2236 232 2291 ubi
248 2253 305 2289 non
322 2235 406 2307 plana
423 2241 474 2300 est,
493 2236 544 2291 sed
560 2255 647 2308 prope
666 2236 750 2307 plana
765 2236 812 2291 via
829 2242 889 2300 est;

64 2319 161 2374 Parva
177 2318 245 2373 lieet
261 2317 356 2373 videas
375 2318 469 2390 Oaptae
488 2318 605 2374 delubra
622 2319 769 2384 Minerva,

100 2401 176 2468 Qum
194 2399 248 2454 dea
264 2400 352 2454 natali
369 2401 452 2472 ooepit
468 2400 571 2456 habere
590 2419 649 2456 suo.

63 2482 200 2538 Nominis
218 2483 248 2536 in
266 2482 351 2537 dubio
369 2501 452 2537 eausa
470 2489 521 2538 est.
559 2483 683 2555 Capitale
700 2501 831 2538 vocamus

98 2564 256 2636 Ingenium
274 2564 386 2628 sollers;
406 2563 550 2635 ingeniose
568 2565 619 2620 dee
637 2571 688 2620 est.
872 2567 927 2620 840

59 2649 118 2711 An,
140 2648 212 2718 qnia
228 2645 263 2701 de
281 2645 379 2717 eapitis
397 2646 488 2702 fertur
506 2648 565 2702 sine
583 2654 672 2704 matre
689 2648 801 2720 paterni

95 2729 220 2784 Vertiee
238 2747 302 2783 eum
320 2728 417 2800 elypeo
434 2729 594 2800 prosiluisse
613 2729 683 2784 suoP

54 2813 117 2876 An,
138 2813 211 2883 quia
226 2811 389 2883 perdomitis
408 2812 445 2866 ad
462 2830 512 2866 nos
531 2812 640 2883 captiva
658 2811 774 2868 Faliscis

93 2892 213 2950 Venit?
232 2899 261 2948 11
278 2893 332 2972 hoo¹
349 2893 441 2964 ipsum
457 2893 553 2950 1111111
569 2895 662 2965 prisea
679 2894 769 2950 docet.

19 3029 23 3041 ,
49 2979 114 3042 An,
130 2975 215 3048 qnod
225 2975 310 3030 hebet
321 2975 421 3047 legem,
434 2977 532 3048 eapitis
544 2996 606 3048 quae
619 2977 740 3048 pendere
751 2996 846 3051 poenas
870 2981 924 3034 845

19 3048 23 3078 ¹
89 3060 144 3115 Ex
164 3059 216 3114 illo
230 3059 330 3130 jubeat
348 3057 424 3114 furta
441 3065 553 3131 reperta
570 3059 653 3114 loool

48 3143 80 3198 A
99 3159 280 3216 quacunque
298 3140 387 3196 trahis
405 3142 514 3197 ratione
530 3141 673 3206 voeabula,
692 3141 796 3206 Pallas,

86 3225 155 3280 Pro
173 3224 294 3279 ducibus
312 3223 415 3278 nostris
433 3223 521 3296 aegida
538 3242 647 3294 semper
664 3224 746 3279 habe.

48 3307 180 3364 8111111111
199 3306 260 3362 dies
278 3325 294 3362 e
312 3307 436 3378 quinque
453 3306 536 3361 tubas
554 3305 674 3361 lustrare
692 3325 807 3362 canoras

84 3392 253 3456 Admonet,
272 3395 303 3446 et
320 3390 388 3446 forti
405 3389 559 3446 ssorifieere
577 3388 645 3443 deae.
872 3391 926 3442 850
