2252 3706
57 118 127 190 ur]
409 120 535 178 assur.
865 121 900 176 ea
1015 145 1019 152 ·

56 263 86 318 Ν
87 282 115 318 eo
131 263 190 318 sine
206 262 236 317 vi
251 262 373 318 tradent.
409 263 552 320 Adhibeto
569 263 678 319 vincula
695 265 792 336 captis.

90 346 179 417 Atque
196 346 245 410 ita,
264 364 320 416 qua
336 346 453 416 possint,
472 347 573 410 erudit,
591 353 651 402 arte
669 348 739 419 capi,

56 427 143 483 Lucus
160 427 300 483 Aventino
318 429 431 484 suberat
448 428 529 499 niger
546 428 615 484 ilicis
633 429 739 494 umbra,
846 429 898 484 295

90 509 150 578 Quo
166 528 261 582 posses
278 509 338 564 viso
356 510 455 575 dicere,
473 510 589 566 Numen
605 512 687 566 inest.

54 592 91 647 In
106 592 196 647 medio
213 611 335 664 gramen,
353 609 504 664 muscoque
523 592 657 664 adoperta
673 593 777 648 virenti

88 675 222 730 Manabat
240 693 305 729 saxo
323 693 394 729 vena
411 675 540 747 peremis
559 693 645 746 aquae.

52 757 123 812 Inde
140 757 197 812 fere
216 757 268 811 soli
285 756 399 812 Faunus
417 756 558 828 Picusque
575 757 719 812 bibebant.

88 838 153 894 Huc
169 839 255 902 venit,
275 847 303 893 et
320 838 392 893 fonti
408 857 458 893 rex
475 839 572 894 Numa
588 845 692 894 mactat
710 857 805 904 ovem3
846 841 900 894 300

52 922 191 992 Plenaque
209 920 318 976 odorati
335 920 457 992 disponit
473 921 573 992 pocula
590 921 708 986 Bacchi;

87 1004 212 1074 Cumque
229 1002 286 1056 suis
305 1007 385 1057 antro
404 1003 532 1058 conditus
550 1003 609 1074 ipse
626 1003 704 1058 latet.

51 1085 98 1140 Ad
114 1085 207 1140 solitos
225 1085 341 1139 venirmt
359 1085 507 1157 sylvestria
523 1086 639 1140 numina
655 1085 755 1151 fontes,

85 1167 125 1222 Et
141 1166 267 1223 relevant
283 1166 373 1222 multo
391 1172 503 1239 pectora
520 1167 593 1223 sicca
609 1185 695 1223 mero.

50 1249 125 1305 Vina
136 1250 214 1322 quies
226 1250 366 1321 sequitur:
386 1249 478 1320 gelido
484 1250 581 1304 Numa
591 1250 686 1321 prodit
697 1251 732 1306 ab
744 1255 833 1315 antro,
846 1252 899 1306 305

85 1331 239 1403 Vinclaque
258 1332 359 1403 sopitas
377 1331 456 1386 addit
473 1332 503 1386 in
520 1338 597 1386 arcta
613 1350 721 1386 manus.

50 1415 169 1472 Somnus
186 1420 219 1469 ut
237 1413 378 1477 abscessit,
395 1414 531 1469 tentando
548 1414 659 1469 vincula
675 1419 803 1486 pugnant

84 1497 241 1567 Rumpere:
259 1501 416 1567 pugnantes
433 1495 533 1551 fortius
551 1495 598 1551 illa
615 1503 720 1552 tenent.

47 1579 121 1635 Tum
139 1577 249 1633 Numa:
274 1578 314 1633 Di
330 1596 483 1643 nemorum,
501 1578 581 1634 factis
599 1579 733 1651 ignoscite
750 1578 862 1641 nostris,

85 1661 116 1716 Si
134 1661 223 1716 scelus
240 1661 351 1732 ingenio
369 1661 444 1716 scitis
463 1660 559 1716 abesse
576 1679 654 1716 meo:
844 1663 898 1717 310

46 1744 169 1816 Quoque
187 1744 269 1799 modo
286 1744 374 1814 possit
390 1743 505 1807 fulmen,
523 1749 685 1808 monstrate,
703 1743 783 1814 piari.

83 1825 132 1882 Sic
149 1825 180 1880 N
180 1844 260 1890 uma;
282 1826 321 1880 sic
338 1826 465 1896 quatiens
484 1844 587 1882 cornua
604 1825 718 1880 Faunus
736 1825 790 1880 ait:

0 1917 3 1924 ’
45 1909 157 1980 Magna
173 1909 254 1980 petis,
272 1927 324 1963 nee
341 1927 403 1979 quae
419 1908 529 1963 monitu
545 1909 599 1964 tibi
617 1909 722 1964 discere
734 1913 830 1964 nostro

81 1991 140 2046 Fas
158 1991 204 2045 sit,
239 1989 357 2046 Habent
373 1989 444 2046 fines
461 1991 577 2046 numina
594 1997 691 2046 nostra
708 2009 781 2046 suos.

43 2073 86 2130 Di
103 2091 200 2128 sumus
218 2079 349 2144 agrestes,
368 2079 398 2127 et
415 2073 465 2144 qui
482 2073 656 2128 dominemur
672 2073 702 2128 in
720 2073 783 2130 altis
844 2075 897 2130 315

80 2155 240 2211 Montibus.
276 2154 434 2210 Arbitrium
452 2155 542 2210 estin
559 2174 610 2210 sua
627 2155 684 2210 tela
701 2155 776 2210 Jovi‚

43 2236 134 2297 Hunc
153 2243 186 2292 tu
203 2255 259 2292 non
275 2236 379 2308 poteris
396 2255 447 2308 per
465 2243 493 2292 te
512 2236 648 2292 deducere
667 2237 751 2293 ooelo:

78 2322 122 2375 At
139 2319 244 2390 poteris
262 2325 357 2373 nostra
374 2318 491 2374 forsitan
509 2338 577 2376 usus
595 2339 656 2391 ope.

40 2401 166 2457 Dixerat
182 2400 241 2456 baec
258 2401 388 2456 Faunus:
407 2420 459 2473 par
477 2407 520 2456 est
537 2402 676 2457 sententia
693 2400 763 2457 Pici.

76 2485 172 2540 Deme
189 2489 284 2538 tamen
301 2484 381 2540 nobis
398 2484 516 2547 vincula
536 2483 619 2538 Picus
637 2483 685 2538 ait.
845 2483 899 2538 320

38 2566 161 2639 Jupiter
176 2565 232 2625 huo
248 2566 459 2630 veniet,·valida
477 2566 613 2621 deductus
632 2567 666 2622 ab
685 2583 756 2622 arce.

74 2648 189 2705 Nubila
205 2648 333 2719 promissi
352 2647 423 2720 Styx
440 2647 509 2704 mihi
526 2649 605 2704 testis
624 2650 686 2703 erit.

35 2731 151 2788 Emissi
168 2730 236 2802 quid
253 2737 338 2802 agant
354 2730 469 2802 laqueis,
489 2749 551 2802 quae
569 2731 692 2786 carmina
710 2729 812 2794 dicant,

75 2814 202 2885 Quaque
219 2814 333 2868 trahant
350 2813 457 2884 superis
476 2813 588 2868 sedibus
606 2818 667 2867 arte
685 2811 802 2876 Jovem3

33 2897 122 2954 Scire
141 2895 220 2951 nefas
237 2895 352 2950 homini.
389 2894 480 2950 Nobis
499 2911 628 2950 concessa
646 2899 788 2958 canentur,
845 2895 898 2950 325

74 2978 208 3049 quue
225 2977 273 3049 pio
291 2977 346 3032 dici
363 2977 435 3032 vatis
454 2977 489 3032 ab
507 2995 555 3031 ore
572 2976 646 3030 licet.

32 3061 171 3118 Eliciunt
189 3059 258 3115 ooelo
275 3065 313 3123 te,
332 3059 460 3132 Jupiter:
480 3058 554 3114 unde
571 3058 693 3114 minores

71 3143 105 3198 N
106 3161 167 3198 unc
185 3160 296 3213 quoque
313 3147 342 3197 te
360 3142 509 3206 celebrant,
525 3140 702 3211 Eliciumque
719 3145 827 3194 vocant.

33 3225 163 3282 Constat
180 3224 329 3280 Aventina
346 3223 492 3279 tremuisse
511 3223 654 3278 cacumina
672 3221 764 3292 sylva,

70 3307 223 3379 Terraque
241 3305 366 3364 subsedit
383 3304 505 3378 pondere
523 3321 620 3376 pressa
637 3302 659 3357 J
660 3302 728 3357 ovis.
846 3302 900 3356 330
