2252 3706
206 75 241 129 20
439 69 826 129 P.0VID11NASONIS
982 71 1067 145 [um.

207 216 252 272 Sic
271 219 331 272 eret
348 215 378 271 in
395 214 476 271 fetis:
497 221 596 272 necte
614 221 664 272 tue
682 217 764 289 culpe
781 217 898 288 sugerit,

242 298 298 354 Sed
316 299 399 354 deus:
419 299 524 354 offenso
542 299 639 370 pulsus
658 318 687 354 es
705 300 775 355 urbe
794 301 855 354 dec.

204 381 234 436 N
236 400 273 436 on
289 381 383 436 meriti
399 399 509 453 poenum
527 383 640 452 peteris,
660 383 709 438 sed
726 383 850 437 numinis
868 383 950 448 irem;

239 463 294 518 Est
312 463 417 534 aliquid
433 465 541 535 magnis
561 465 666 520 crimen
684 465 781 520 abesse
798 465 887 520 melis.

205 545 322 601 Conscia
332 564 409 601 mens
422 552 455 600 ut
467 546 566 618 cuique
579 566 629 602 sue
637 553 687 612 est,
698 548 739 602 ite
751 548 872 619 concipit
884 547 960 603 intre
1010 552 1065 604 485

240 627 359 684 Pectore
375 647 426 700 pro
444 627 518 683 fecto
537 647 669 700 spemque
687 635 850 700 metumque
868 648 927 684 suo.

203 711 233 766 N
235 730 265 766 ec
282 717 377 766 temen
393 716 427 766 ut
443 711 549 782 primus
567 731 651 767 moere
669 712 742 766 mels
759 713 826 767 teliu
842 731 955 784 pessus:

240 793 344 848 Obruit
362 793 489 865 ingentes
508 795 562 848 ista
579 794 701 865 procelle
717 795 801 849 viros.

204 873 307 932 Passus
324 876 407 940 idem,
427 876 519 947 Tyriis
537 876 586 946 qui
605 875 745 946 quondam
761 876 859 948 pulsus
877 876 912 931 eb
930 876 991 932 oris

241 959 362 1013 Cadmus
380 959 409 1013 in
426 958 519 1013 Aonia
537 959 663 1013 constitit
681 959 759 1013 exsul
776 957 870 1013 humo.
1013 963 1068 1016 490

205 1040 308 1096 Passus
326 1040 401 1096 idem
420 1040 541 1111 Tydeus,
561 1045 590 1094 et
607 1040 682 1096 idem
700 1041 847 1112 Pegesaeus
866 1039 965 1095 Iason:

239 1122 280 1176 Et
297 1140 366 1193 quos
384 1128 519 1193 praeteree
536 1122 619 1193 longa
637 1121 741 1177 referre
759 1141 837 1177 more
855 1127 905 1176 est.

205 1204 297 1260 Omne
316 1204 405 1260 solum
424 1205 492 1260 forti
509 1205 600 1276 patrie
618 1209 676 1268 est;
695 1210 728 1259 ut
745 1205 867 1276 piscibus
884 1223 1002 1276 sequor:

239 1287 282 1342 Ut
299 1287 412 1351 volucri,
432 1305 520 1342 vacuo
537 1286 672 1357 quicquid
689 1287 719 1341 in
736 1287 803 1342 orbe
821 1292 906 1358 petet.

204 1369 234 1424 N
236 1389 267 1424 ee
284 1368 344 1424 fere
361 1375 511 1441 tempestus
529 1375 590 1425 toto
608 1374 703 1425 temen
720 1369 816 1425 horret
833 1370 862 1424 in
880 1388 971 1425 enno:
1016 1377 1068 1430 495

239 1451 280 1505 Et
297 1451 358 1514 tibi,
379 1451 460 1506 erede
477 1451 555 1514 mihi,
574 1456 701 1522 tempora
718 1452 792 1507 veris
811 1471 826 1506 e
880 1456 901 1506 t.

204 1533 329 1588 Vocibus
346 1533 479 1588 Evander
496 1532 608 1588 firmate
624 1540 718 1590 mente
735 1535 859 1606 parentis

240 1615 270 1671 N
272 1635 322 1671 eve
341 1621 415 1671 secet
433 1615 543 1679 fluctus,
563 1614 786 1687 Hesperiamque
805 1621 892 1671 tenet.

205 1699 326 1771 Jamque
344 1705 433 1754 retem
453 1699 539 1754 doctee
557 1699 668 1752 monitu
686 1699 841 1754 Carmentis
859 1699 889 1753 in
906 1717 1028 1758 amnem

240 1781 355 1852 Egeret,
375 1787 404 1836 et
422 1780 519 1836 Tuscis
538 1781 635 1835 obvius
654 1780 713 1836 ibet
730 1781 818 1853 equis.
1016 1789 1069 1842 500

205 1861 342 1918 Fluminis
361 1863 409 1918 illa
425 1861 507 1926 letus,
527 1862 571 1916 cui
589 1868 655 1916 sunt
672 1862 743 1917 rede
758 1864 857 1934 juncte
875 1861 1007 1930 Terenti,

240 1944 377 2017 Adspicit,
397 1951 425 2000 et
443 1963 552 2016 sparsus
571 1963 621 2016 per
637 1943 698 1999 loce
716 1944 774 2000 solu
792 1963 878 2000 cases.

133 2077 139 2086 .
204 2027 301 2098 thue
320 2033 388 2091 eret,
407 2027 536 2083 immissis
555 2027 669 2099 puppim
688 2028 768 2082 stetit
786 2033 850 2082 ente
868 2028 991 2100 cupillis,

241 2109 440 2180 Continuitque
457 2127 570 2164 menum
587 2115 668 2164 terve
684 2109 806 2182 regentis
823 2109 886 2165 iter.
1104 2141 1105 2198 i

204 2191 244 2248 Et
255 2191 353 2263 procul
364 2191 394 2246 in
406 2191 532 2246 dextram
543 2191 662 2246 tendens
675 2210 725 2246 suu
736 2192 850 2247 brechia
860 2193 960 2263 ripum,
1014 2200 1071 2254 505
1104 2215 1105 2256 i

241 2275 329 2329 Pinea
345 2291 402 2327 non
419 2291 485 2328 suno
503 2279 547 2329 ter
563 2273 634 2345 pede
651 2279 729 2328 texta
745 2274 819 2330 ferit.

204 2356 235 2414 N
236 2375 285 2412 eve
304 2356 384 2411 deret
402 2355 503 2409 saltum
521 2373 672 2428 properans
691 2355 818 2412 insistere
836 2361 926 2422 terres,

239 2438 297 2496 Vix
315 2442 358 2493 est
376 2436 501 2492 Evandri
518 2438 620 2509 vixque
637 2443 748 2493 retente
765 2457 859 2494 manu.

204 2521 298 2592 Dique
315 2521 475 2593 petitorum,
495 2520 574 2583 dixit,
594 2519 697 2575 selvete
714 2520 854 2586 locorum

239 2603 338 2675 Tuque
355 2621 441 2658 novos
460 2603 528 2658 coelo
545 2607 621 2657 terre
639 2602 739 2657 detirre
757 2601 823 2658 deos
832 2626 839 2666 ς
1014 2613 1074 2667 510
1104 2605 1105 2610 ’

204 2686 397 2757 Fluminaque,
418 2691 447 2740 et
464 2684 564 2748 fontes,
584 2684 685 2755 quibus
703 2685 794 2740 utitur
810 2685 921 2757 hospite
937 2687 1046 2757 tellus,

238 2767 439 2824 uenenorum
458 2766 606 2838 Nymphe‚
626 2766 823 2838 Naiadumque
841 2767 933 2833 ehori;

202 2849 273 2908 Este
290 2849 369 2905 bonis
388 2850 484 2904 avibus
502 2849 555 2904 visi
571 2855 692 2920 ustoque
709 2849 849 2921 mihique:

237 2931 367 3004 Ripeque
384 2931 457 2986 felici
474 2937 550 2986 tecte.
567 2932 604 2986 sit
621 2931 675 2986 iste
692 2932 772 3003 pede.

201 3015 226 3072 F
228 3013 317 3069 ullor?
339 3031 375 3067 en
391 3011 421 3066 hi
438 3011 508 3067 fient
525 3012 651 3083 ingentis¹
665 3013 767 3068 moenie
785 3012 888 3069 eolles?
1013 3025 1074 3079 515

237 3099 363 3168 Jureque
382 3097 416 3151 ab
433 3098 486 3152 hac
502 3103 579 3153 terre
597 3103 696 3154 cetere
712 3104 788 3154 terre
805 3099 903 3171 petet?

202 3179 348 3236 Montibus
366 3177 409 3231 his
427 3178 493 3233 olim
510 3184 587 3234 totus
605 3180 779 3250 promittitur
795 3181 879 3236 orbis.
1104 3175 1105 3250 i

238 3258 308 3328 Quis
325 3264 436 3314 tentum
453 3258 505 3314 feti
523 3259 617 3316 credet
634 3261 738 3319 hubere
755 3262 867 3320 locum?
