2252 3706
227 103 262 159 1e
460 100 494 158 r.
513 100 651 158 cinon
668 99 846 158 nasonis
1003 105 1077 178 [ne.

226 245 267 303 Et
284 265 368 319 pecus
387 247 517 318 antiquus
535 245 645 302 dicebat
663 244 773 317 Agonia
790 263 897 303 sermor

261 329 393 402 Veraque
408 330 515 402 judicio
532 335 576 385 est
592 329 693 384 ultima
710 347 794 384 causa
811 348 883 385 meo.

225 413 322 485 thue
340 431 374 468 ea
390 431 465 468 nune
483 418 559 468 certa
576 417 627 476 est,
646 412 687 466 ita
704 411 768 468 Rex
784 412 894 484 placare
912 412 1065 472 Sacrorum

261 495 386 552 Numina
399 496 529 566 lanigera
547 496 665 568 conjuge
684 494 768 550 debet
785 495 854 550 ovis.

224 577 356 642 Victima,
372 595 433 650 qua
451 578 550 632 dextra
567 577 667 632 cecidit
684 578 807 642 victrice,
826 583 959 646 vocatum
1028 585 1078 638 335

260 664 399 721 Hostibus
417 665 516 720 amotis
534 665 626 720 hostia
643 683 744 720 nomen
762 665 856 722 habet.

224 749 309 813 Ante,
328 748 394 804 deos
412 747 519 802 homini
536 748 612 818 qnod
630 747 776 802 conciliare
794 749 907 814 valeret,

258 831 317 886 Far
334 834 403 895 erat,
422 836 452 886 et
468 831 537 902 puri
548 830 641 885 lucida
657 831 730 884 mica
747 830 828 896 salis;

223 913 360 970 Nondum
376 913 530 986 pertulerat
547 913 713 985 lacrymatus
732 914 835 970 cortica
852 913 982 987 myrrhas

259 997 332 1051 Acta
349 1014 400 1069 per
417 1013 557 1068 aeqnoreas
574 995 687 1068 hospita
703 997 782 1052 navis
801 1015 894 1069 aquas.
1026 1004 1080 1058 3110

223 1079 319 1136 Thura
336 1097 388 1134 nac
405 1077 573 1150 Euphrates,
593 1097 644 1134 nec
661 1080 776 1134 miserat
793 1078 877 1136 India
894 1085 1012 1148 costum,

258 1162 288 1218 N
289 1181 321 1218 ee
338 1161 450 1217 fuerant
467 1161 547 1217 rubri
564 1162 677 1234 cognita
694 1162 741 1217 fila
759 1163 840 1218 croci.

185 1272 187 1276 ·
221 1247 281 1302 Ara
299 1244 384 1301 dabat
401 1245 500 1310 firmos,
519 1245 613 1300 herbis
632 1251 763 1300 contenta
780 1244 897 1311 Sabinis,
1001 1238 1005 1246 ’

257 1327 298 1384 Et
315 1347 372 1384 non
390 1329 490 1400 exigno
508 1328 603 1384 laurus
621 1327 723 1384 adusta
739 1346 816 1383 sono.

223 1412 254 1468 Si
271 1412 334 1483 quis
352 1417 420 1475 erat,
439 1411 520 1465 factis
538 1411 612 1482 prati
631 1410 666 1466 de
684 1410 752 1466 flore
769 1411 876 1466 coronis
1003 1449 1007 1460 ι
1028 1419 1081 1471 345

258 1493 316 1562 Qui
332 1499 427 1565 posset
438 1493 530 1548 ¹violas
548 1492 659 1558 addara,
680 1494 758 1549 dives
776 1498 844 1549 erat.

223 1577 289 1641 Hic,
309 1577 358 1648 qui
375 1595 449 1631 nunc
467 1575 557 1647 aperit
574 1577 699 1647 percussi
715 1577 822 1632 viscera
839 1577 921 1642 tauri,

258 1660 295 1714 In
313 1658 397 1715 saeris
414 1658 523 1714 nullum
542 1657 631 1714 culter
648 1657 771 1714 babebat
789 1677 867 1730 opus.

222 1743 317 1799 Prima
335 1741 418 1797 Ceres
437 1741 523 1797 avida
541 1741 637 1813 gavisa
654 1745 698 1797 est
716 1743 849 1812 sanguine
866 1761 965 1814 porca,

257 1825 326 1882 Ulta
343 1843 407 1880 suas
424 1824 525 1879 merita
543 1824 616 1880 cade
633 1825 759 1880 nocentis
777 1843 853 1896 opes.
1027 1831 1080 1885 350

222 1908 298 1964 Nam
315 1913 377 1964 sata
392 1924 459 1963 vere
476 1925 548 1962 novo
565 1907 669 1962 teneris
687 1907 819 1962 lactentia
836 1907 924 1964 suecis

257 1991 348 2047 Eruta
366 1990 492 2062 setigera
511 1989 646 2061 comperit
663 2007 712 2046 ere
730 1990 796 2045 suis.

223 2076 277 2131 Sus
296 2073 410 2129 dederat
427 2091 531 2144 poenas.
567 2072 706 2144 Exemplo
724 2073 840 2128 territus
857 2073 941 2147 hujus

257 2155 377 2213 Palmite
395 2155 530 2210 debueras
548 2154 724 2219 abstinuisse,
743 2174 832 2228 caper.

222 2241 315 2310 Quem
333 2243 460 2310 spectans
478 2237 577 2310 aliquis
596 2237 693 2294 dentes
704 2238 735 2293 in
746 2239 804 2294 vite
814 2243 999 2310 prementem,
1030 2246 1083 2299 355

259 2321 337 2378 Talia
353 2337 410 2374 non
427 2319 513 2375 tacito
532 2320 606 2375 dicta
624 2320 719 2376 dolore
737 2321 830 2377 dedit:

221 2404 312 2468 Rode,
325 2420 415 2475 caper,
426 2402 528 2457 vitame
547 2407 643 2457 tamen
660 2403 733 2466 hinc,
748 2421 811 2457 cnm
829 2401 915 2458 stabis
933 2403 972 2458 ad
988 2423 1083 2471 aram,

257 2487 295 2542 In
310 2492 362 2542 tna
378 2485 454 2558 quod
472 2486 565 2557 spargi
583 2503 687 2541 cornua
704 2486 801 2564 possit,
821 2485 883 2540 erit.

221 2570 318 2627 Verba
334 2569 404 2625 fides
423 2568 563 2642 seqnitur:
583 2585 661 2627 noxa
679 2568 732 2623 tibi
750 2567 862 2624 deditus
879 2568 967 2624 hostis

258 2651 405 2725 Spargitur
422 2650 511 2706 affiiso
530 2667 641 2715 cornua,
661 2650 777 2717 Bacche,
796 2668 883 2706 mero.
1030 2659 1085 2712 360

222 2735 311 2807 Culpa
321 2734 372 2789 sui
389 2733 499 2790 nocuit:
519 2733 616 2788 nocuit
632 2751 743 2805 quoque
761 2733 844 2805 culpa
862 2733 984 2805 capella.

257 2817 334 2886 Quid
350 2815 409 2880 bos,
429 2815 497 2889 quid
513 2815 628 2888 placida
646 2815 847 2871 commeruistis
864 2815 951 2872 oves?

221 2901 322 2957 Flebat
339 2899 483 2962 Aristeus,
503 2898 578 2970 quod
596 2917 661 2970 apes
680 2917 743 2954 cnm
761 2899 848 2971 stirpe
866 2903 980 2955 necatas

255 2981 375 3038 Viderat
391 2981 516 3053 inceptos
532 2981 693 3037 destituisse
710 2980 797 3036 favos.

220 3064 329 3122 Carula
345 3082 429 3135 quem
447 3064 568 3134 genitrix
585 3082 658 3135 agre
676 3062 765 3118 solata
782 3063 932 3128 dolentem,
1031 3069 1084 3124 365

255 3148 375 3204 Addidit
391 3147 450 3201 hac
468 3148 549 3202 dietis
565 3147 665 3203 ultima
681 3147 768 3203 verba
785 3149 858 3204 suis:

222 3231 304 3292 Siste,
322 3246 401 3299 puer,
419 3227 571 3297 lacrymas:
591 3228 712 3284 Proteus
730 3235 780 3284 tua
798 3231 899 3285 damna
915 3229 1050 3302 levabit;

257 3311 377 3380 Quoque
393 3307 477 3362 modo
494 3325 614 3378 repares,
634 3329 694 3381 qna
712 3312 829 3381 periere,
849 3313 935 3368 dabit.
