2252 3706
56 89 100 160 1.]
412 87 539 146 rasni.

60 231 136 288 State
153 231 275 288 eoronati
292 231 406 304 plenum
424 232 460 288 ad
476 251 599 305 praesepe
613 234 744 307 juvenei;

96 315 161 370 Cum
178 315 273 387 tepido
290 321 416 370 vestrum
434 331 498 370 vere
516 317 619 372 redibit
636 336 714 390 opus.

57 396 186 454 Rusticus
204 397 352 454 emeritum
368 396 433 469 palo
451 399 603 470 suspendat
620 405 760 466 aratrum
851 400 903 454 665

95 480 180 535 Omne
197 480 361 536 reformidat
378 480 480 551 frigida
497 481 599 536 vulnus
616 482 726 538 humus.

56 561 164 626 Villiee,
182 562 218 618 da
234 562 360 633 requiem
377 568 467 627 terrae,
487 570 610 620 semente
628 570 757 635 peraeta;

18 695 23 714 ‚
93 644 137 700 Da
151 645 283 716 requiem,
302 651 406 700 terram
424 646 473 717 qui
491 647 608 710 coluere,
627 647 702 701 viris.

18 717 21 740 '
55 728 149 798 Pagus
166 733 230 798 aget
248 727 368 782 festum:
390 747 494 799 pagum
510 727 637 793 lustrate,
657 728 755 793 eoloni,

92 809 131 864 Et
148 810 211 865 date
227 809 341 881 paganis
359 829 452 865 annua
468 810 525 866 liba
542 811 620 866 focis.
852 811 905 870 670

54 893 203 949 Plaeentur
220 898 322 948 matres
339 892 452 965 frugum
470 892 619 965 Tellusque
638 893 785 966 Ceresque,

91 975 176 1030 Ferre
194 992 244 1030 suo
262 974 382 1046 gravide
400 975 607 1047 visceribusque
625 977 691 1032 suis.

55 1058 183 1114 Officium
201 1075 345 1113 eommune
364 1057 448 1113 Ceres
467 1063 496 1112 et
513 1057 600 1114 Terre
617 1065 749 1116 tuentur:

92 1141 160 1196 Haee
176 1141 282 1212 praebet
300 1158 411 1196 eausam
428 1141 564 1212 frugibus,
582 1141 631 1196 ille
647 1143 748 1198 locum.

54 1225 203 1280 Consortes
215 1241 339 1295 operum,
357 1242 409 1294 per
426 1242 495 1295 quas
513 1230 638 1279 correcta
654 1229 787 1290 vetustas,
851 1223 903 1281 675

91 1307 258 1378 Quemque
276 1306 355 1377 glans
372 1306 447 1360 vieta
465 1311 507 1360 est
525 1305 636 1362 utiliore
655 1307 732 1372 eibo;

52 1389 193 1461 Frugibus
211 1388 352 1443 immensis
370 1388 464 1443 avidos
483 1388 582 1443 satiate
600 1388 720 1454 colonos,

89 1473 132 1528 Ut
149 1472 259 1544 capiant
276 1470 367 1526 cultus
385 1471 498 1543 praemia
515 1471 600 1542 digna
618 1472 669 1526 sui.

50 1554 113 1611 Vos
132 1554 195 1610 date
212 1558 361 1626 perpetuos
378 1553 481 1608 teneris
500 1554 669 1609 sementibus
688 1560 802 1611 anobis:

88 1638 151 1694 Nee
168 1656 240 1693 nova
256 1655 308 1708 per
325 1635 430 1706 gelidus
447 1635 534 1691 herba
552 1636 588 1690 sit
605 1642 670 1690 uste
686 1638 774 1694 nives.
822 1658 823 1662 ¹
852 1639 906 1692 680

49 1723 125 1778 Cum
142 1720 268 1783 serimus,
287 1718 386 1773 eoelum
402 1718 493 1772 ventis
512 1719 617 1789 aperite
636 1719 755 1774 serenis:

88 1803 161 1859 Cum
178 1803 255 1866 latet,
275 1801 388 1856 aetheria
405 1801 527 1872 spargite
545 1819 641 1856 semen
658 1819 739 1873 aque.

47 1885 134 1942 Neve
152 1903 249 1957 graves
268 1884 349 1939 cultis
368 1883 493 1938 Oereulia
511 1883 590 1948 done,
610 1890 713 1950 oevete,

86 1968 208 2040 Agmine
225 1966 324 2021 laesuro
342 1966 546 2037 depopulentur
563 1985 636 2022 aves.

47 2051 112 2106 Vos
131 2068 241 2122 quoque
259 2049 400 2121 subjectis,
419 2048 548 2114 formioae,
566 2050 670 2120 parcite
688 2050 797 2122 granis:
853 2051 904 2105 685

85 2134 157 2189 Post
174 2150 292 2188 messem
310 2131 408 2204 praedae
427 2131 505 2203 eopia
522 2133 612 2203 major
629 2132 690 2187 erit.

47 2217 168 2272 Interea
185 2220 290 2272 ereseet
307 2213 409 2270 seabrae
427 2213 561 2285 robiginis
580 2233 688 2286 expers,

85 2299 151 2355 Nee
168 2298 237 2353 vitio
254 2296 315 2352 eoeli
331 2296 435 2369 palleat
452 2315 527 2368 egra
543 2315 631 2368 seges.

44 2383 90 2438 Et
108 2399 201 2453 neque
220 2379 331 2436 deficiat
347 2378 442 2442 maele,
461 2397 552 2450 neque
569 2379 700 2452 pinguior
717 2397 797 2452 aequo

84 2464 202 2521 Divitiis
220 2468 315 2535 pereat
332 2462 474 2516 luxuriosa
492 2462 558 2516 suis.
853 2464 906 2517 690

42 2547 88 2603 Et
108 2551 223 2603 careant
239 2545 312 2601 loliis
330 2545 424 2600 oeulos
441 2544 604 2600 vitiantibus
623 2544 692 2615 agri,

82 2629 115 2685 N
117 2648 150 2686 ee
169 2629 271 2685 sterilis
289 2627 364 2683 oulto
382 2633 479 2699 surgat
496 2646 584 2682 avena
601 2626 668 2682 solo.

40 2713 187 2770 Tritioeos
206 2711 288 2774 setus,
306 2728 475 2782 passuraque
492 2709 568 2764 farra
585 2709 628 2764 bis
646 2710 749 2782 ignem,

81 2794 260 2866 Hordesque
277 2793 386 2864 ingenti
402 2791 507 2847 foenore
524 2791 625 2848 reddet
642 2811 717 2865 ager.

38 2878 114 2935 Hoo
134 2895 189 2948 ego
206 2895 258 2948 pro
275 2875 363 2939 vobis,
381 2874 434 2930 hoe
451 2892 501 2929 vos
519 2879 613 2946 optate
632 2875 738 2931 eoloni:
853 2878 905 2932 695

78 2960 272 3030 Effieiantque
289 2964 364 3013 ratas
381 2963 501 3030 umque
519 2957 583 3012 diva
599 2977 705 3029 preces.

36 3043 130 3100 Bella
149 3041 200 3096 din
216 3047 333 3097 tenuere
351 3040 440 3096 viros:
461 3045 521 3096 erat
540 3039 631 3112 aptior
648 3041 722 3096 ensis

77 3125 226 3188 Vomere;
246 3123 362 3179 cedebat
379 3129 476 3178 taurus
494 3127 588 3178 arator
605 3139 685 3193 equo.

36 3207 171 3266 Sareula
189 3205 350 3262 eessebaut:
369 3206 499 3277 versique
517 3205 547 3258 in
563 3203 621 3274 pila
637 3204 752 3275 ligones,

75 3290 230 3363 Factaque
249 3288 283 3346 de
301 3288 385 3345 rastri
401 3287 525 3362 pondere
544 3286 628 3342 eaesis
646 3292 715 3342 erat.
853 3283 908 3340 700
