2252 3706
62 95 103 166 s]
429 99 556 158 mers.
867 105 913 182 Ι13

63 239 106 296 Tu
122 243 226 307 tamen,
245 243 399 316 auspicium
416 243 441 298 si
457 245 496 299 sit
513 243 593 316 stipis
610 243 688 310 utile,
707 247 816 318 queris,

98 324 210 396 Ourque
225 326 326 398 juvent
343 332 452 382 nostres
470 346 525 382 aera
541 333 652 382 vetusta
668 347 775 383 manus.
859 331 913 386 220

61 406 132 464 AEre
149 408 252 464 dabant
269 409 350 465 olim:
370 410 469 466 melius
487 429 562 466 nunc
579 428 662 466 omen
679 411 709 466 in
727 431 795 468 euro
813 418 863 477 eet,

95 490 234 564 Victaque
252 493 379 548 concedit
395 494 486 566 prisca
502 499 615 550 moneta
630 513 716 550 novae.

58 573 90 628 N
91 593 122 628 os
132 593 241 648 quoque
253 576 358 647 templa
366 577 475 648 juvant,
491 576 615 648 quamvis
628 577 742 650 antique
753 577 910 650 probemus,

96 657 206 724 Auree;
224 660 355 731 majestas
373 659 502 715 convenit
519 660 574 714 iste
590 659 651 714 dec.

58 738 219 797 Laudamus
235 748 353 807 veteres,
372 743 423 798 sed
439 741 542 798 nostris
559 742 666 797 utimur
683 743 762 798 annis
771 767 779 808 ;
858 747 910 800 225

95 823 162 879 Mos
179 829 275 880 tamen
292 831 335 880 est
352 823 431 897 ecque
448 825 548 896 dignm
565 831 684 897 uterque
699 825 759 880 coli.

58 905 186 962 Finierat
202 908 333 964 monitus.
370 905 490 976 Plesidis
507 909 549 963 ite
565 926 670 972 rursus,
689 913 723 964 ut
740 914 813 973 ante,
915 953 917 958 .

96 989 272 1062 clavigerum
289 991 381 1046 verbis
399 992 524 1063 alloquor
541 991 600 1063 ipse
619 991 717 1046 deum:

59 1071 156 1128 Multa
173 1073 285 1145 quidem
303 1073 403 1139 didici;
423 1074 540 1148 sed-cur
556 1073 662 1128 navalis
680 1074 710 1128 in
727 1092 781 1130 are

95 1154 194 1210 Altera
211 1155 320 1228 signata
334 1162 387 1236 est,
407 1155 495 1212 eltere
512 1155 601 1221 forme¹
617 1155 733 1226 biceps?
856 1157 910 1212 230

58 1236 89 1292 N
91 1255 184 1294 escere
200 1257 246 1294 me
265 1239 368 1310 duplici
384 1255 479 1311 posses
496 1239 527 1292 in
543 1237 673 1310 imagine,
692 1237 771 1302 dixit,

94 1320 137 1376 Ni
153 1327 234 1378 vetus
251 1322 312 1394 ipsa
329 1322 388 1378 dics
406 1327 570 1378 extenuaret
587 1338 664 1392 opus.

59 1403 152 1459 Causa
167 1405 237 1460 ratis
255 1411 396 1477 superest:
417 1404 538 1460 Tuscum
555 1408 616 1458 rate
632 1403 710 1460 venit
727 1403 757 1458 in
774 1421 883 1460 amnem

94 1487 170 1543 Ante
187 1495 330 1560 pererrato
347 1488 454 1544 falcifer
472 1486 538 1542 orbe
556 1487 632 1541 deus.

57 1567 125 1623 Hac
143 1589 195 1642 ego
213 1569 366 1626 Saturnum
383 1570 497 1625 memini
513 1569 615 1624 tellure
632 1573 790 1641 receptum
857 1569 909 1624 235

95 1651 240 1710 Coelitibus
258 1653 351 1726 reguis
369 1653 404 1710 ab
422 1652 495 1709 Jove
512 1651 608 1723 pulsus
627 1656 695 1706 erut.

56 1734 133 1790 Inde
151 1735 201 1792 diu
217 1737 295 1808 genti
311 1737 414 1792 mansit
433 1734 564 1790 Saturnia
581 1751 697 1788 nomen:

95 1819 182 1875 Dicta
199 1837 309 1893 quoque
327 1825 370 1875 est
387 1817 500 1874 Latium
517 1823 601 1881 terra,
620 1816 725 1871 latente
743 1815 804 1872 deo.

55 1901 100 1960 At
117 1903 192 1958 bona
206 1903 354 1976 posteritas
371 1901 488 1974 puppim
505 1899 624 1955 servavit
640 1897 671 1953 in
688 1917 750 1963 aere,

95 1985 225 2058 Hospitis
244 1986 394 2042 adventum
410 1983 560 2039 testificata
577 1981 631 2038 dei.
857 1982 911 2036 240

56 2071 128 2144 Ipse
145 2069 235 2126 solum
252 2069 332 2132 colui,
352 2067 431 2139 cujus
448 2065 635 2138 placidissima
650 2063 752 2120 laevum

93 2153 183 2209 Redit
200 2153 309 2208 arenosi
325 2150 447 2206 libridis
464 2148 540 2204 unda
557 2148 639 2208 latus.

58 2237 127 2301 Hic,
145 2236 196 2293 ubi
212 2253 286 2291 nunc
303 2234 463 2297 Romaest,
481 2231 606 2286 incredita
623 2229 702 2302 sylva
718 2227 841 2284 virebat:

95 2321 240 2392 Tantaque
257 2336 302 2373 ree
320 2317 414 2388 paucis
431 2333 534 2388 pascua
549 2313 641 2369 bubus
659 2318 727 2368 eret.

56 2405 121 2460 Arx
137 2421 201 2458 mea
217 2401 293 2457 collis
312 2405 379 2463 eret,
397 2417 481 2470 quem
499 2396 599 2452 cultrix
616 2395 728 2450 nomine
745 2399 841 2450 nostro
858 2395 910 2448 245

95 2486 249 2556 Nuncupat
266 2483 325 2540 hac
342 2488 417 2546 etas,
436 2481 458 2537 J
458 2478 650 2549 eniculumque
668 2482 757 2532 vocat.

57 2570 139 2626 Tunc
157 2587 209 2640 ego
224 2565 384 2639 regnabam,
402 2563 512 2638 patiens
530 2580 593 2618 cum
610 2567 687 2618 terra
704 2558 819 2614 deorum

94 2652 187 2716 Esset,
206 2656 236 2706 et
252 2649 380 2706 humanis
398 2647 514 2704 numine
528 2645 613 2700 mista
628 2642 705 2698 locis.

55 2735 195 2792 Nondum
210 2731 472 2807 justitiam-facinus
489 2727 605 2784 mortale
623 2727 750 2798 fugaret:

94 2817 204 2874 Ultimo
221 2817 256 2872 de
274 2816 381 2888 superis
399 2813 448 2868 illa
463 2811 578 2882 reliquit
594 2809 720 2866 humum.
857 2808 911 2862 250

53 2902 172 2972 Proque
188 2904 267 2955 metu
283 2897 418 2971 populum
436 2895 495 2950 sine
512 2895 542 2949 vi
557 2893 651 2966 pudor
665 2892 725 2963 ipse
741 2889 858 2962 regebat
866 2912 874 2954 ς

15 2989 17 3002 '
93 2983 199 3039 Nullus
217 2988 285 3046 erat,
302 2980 386 3053 justis
404 2978 520 3034 reddere
534 2977 607 3048 jura,
625 2974 712 3030 labor.

53 3067 110 3124 Nil
127 3065 198 3121 mihi
215 3083 279 3120 cum
295 3063 385 3119 bello:
404 3079 501 3133 pacem
517 3064 667 3132 postesque
684 3055 799 3112 tuebar:

93 3147 136 3203 Et
153 3147 258 3204 clavem
276 3146 434 3208 ostendens,
454 3141 534 3206 Haec,
554 3141 602 3204 ait,
621 3155 792 3210 ermagoro.

52 3232 204 3288 Presserat
221 3247 271 3285 ore
288 3229 366 3284 deus.
394 3226 472 3282 Tunc
490 3225 529 3280 sic
546 3229 642 3279 nostra
659 3240 707 3278 ora
724 3219 840 3284 resolvo,
856 3219 909 3274 255

93 3312 171 3370 Voce
189 3331 252 3370 mea
268 3329 349 3369 voces
367 3309 494 3366 eliciente
513 3307 573 3364 dei:
