2250 3704
87 108 154 180 IV]
448 103 575 162 FASTI.
906 107 939 164 97

86 253 137 309 Nil
153 273 224 326 opus
246 259 297 318 est,
317 253 396 318 dixit,
416 252 575 316 certamine,
592 207 740 317 Romulus,
758 253 831 308 ullo:

122 338 231 408 Magna
248 336 317 392 fides
335 337 429 390 evium
448 341 506 390 est:
526 335 701 406 experiamur
718 355 790 391 aves.

87 419 144 474 Res
162 420 262 491 placet.
299 419 380 474 Alter
397 419 456 473 adit
474 419 613 472 nemorosi
631 437 696 473 sexa
713 418 820 484 Palati,
888 422 939 474 815

122 502 205 558 Alter
222 502 394 558 Aventinum
411 520 491 556 mane
510 520 641 556 cacumen
658 501 720 556 init.

88 585 144 641 Sex
161 585 276 650 Remus,
294 585 340 640 hic
358 584 483 639 volucres
500 584 544 639 bis
563 603 611 638 sex
627 584 706 640 ridet
723 585 832 650 ordinm
858 591 941 657 pacto

125 668 239 724 Stator:
259 674 288 723 et
305 667 452 723 arbitrium
469 665 607 721 Romulus
624 667 702 722 urbis
720 667 813 722 habet.

18 759 19 762 ’
86 753 165 824 Apta
184 750 242 805 dies
259 751 371 822 legitur,
390 768 451 822 quae
468 749 569 804 moenia
587 749 679 820 signet
697 757 798 806 aratro.

125 835 212 889 Sacra
228 833 304 889 Palis
322 827 470 888 suberant:
489 832 555 887 inde
572 838 701 887 movetur
720 852 797 905 opus.
890 837 942 890 820

87 917 179 972 Fossa
196 916 230 972 fit
247 916 283 972 ad
300 917 434 971 solidum:
454 914 549 986 fruges
565 914 707 986 jaciuntur
724 917 754 971 in
771 917 836 982 ima,

123 999 166 1054 Et
185 998 219 1053 de
237 999 328 1054 vicino
346 1005 422 1054 terre
438 998 528 1071 petite
545 997 612 1052 solo.
931 1071 933 1076 s

87 1081 178 1138 Fossa
195 1081 320 1154 repletur
336 1082 430 1146 humo,
449 1080 593 1152 plenaque
611 1080 763 1152 imponitur
781 1101 837 1147 ara,

123 1165 165 1220 Rt
183 1183 272 1220 novus
291 1182 405 1220 accenso
422 1163 549 1234 fsmgitur
567 1163 632 1234 igne
650 1163 735 1219 focus.

86 1247 161 1302 Inde
179 1266 308 1319 premens
327 1247 427 1302 stivam
445 1246 572 1318 designat
590 1247 691 1302 moenia
709 1247 800 1303 sulco:
892 1250 943 1304 825

123 1330 200 1386 Albe
215 1331 316 1401 jugum
333 1329 414 1384 niveo
432 1328 584 1384 cumbere
602 1347 685 1384 vacca
702 1331 776 1384 tulit.

85 1412 154 1467 Vox
171 1412 227 1468 fuit
244 1412 302 1467 haec
319 1412 408 1484 regis:
429 1411 576 1475 Condenti,
595 1410 717 1483 Jupiter,
736 1413 843 1477 urbem,

123 1495 166 1551 Rt
184 1495 295 1567 genitor
312 1494 435 1557 Mavors,
453 1493 595 1565 Vestaque
613 1501 703 1550 mater
720 1496 802 1560 edes;

87 1578 226 1651 Quosque
244 1577 323 1649 pium
341 1582 384 1632 est
401 1576 533 1631 adhibere
552 1576 625 1640 deos,
645 1576 782 1634 advertite
801 1579 908 1634 cuncti:

123 1660 295 1732 Auspieibus
313 1659 391 1715 vobis
408 1657 462 1713 hoc
479 1659 549 1713 mihi
566 1665 663 1731 surgat
681 1678 759 1732 opus.
893 1664 946 1717 830

85 1744 189 1815 Longa
207 1744 244 1798 sit
260 1743 327 1796 huic
343 1747 418 1806 aetas,
437 1741 609 1814 dominaeque
626 1743 753 1813 potentia
769 1749 865 1799 terrae:

126 1825 227 1898 Sitque
247 1825 299 1880 sub
316 1824 369 1880 hac
386 1824 477 1880 oriens
496 1824 681 1896 occiduusque
700 1826 767 1882 dies.

85 1909 146 1964 Ille
163 1907 339 1981 precabatur.
375 1907 494 1963 Tonitru
512 1907 590 1962 dedit
609 1909 701 1963 omina
718 1909 787 1965 levo

125 1991 258 2064 Jupiter:
278 1996 307 2045 et
324 1990 392 2046 laevo
409 1989 528 2044 fulmina
544 1991 628 2044 missa
644 1991 717 2062 polo.

42 2083 52 2100 ⁹
84 2075 221 2145 Augurio
238 2073 296 2128 lasti
311 2073 420 2145 jaciunt
436 2072 599 2127 fundamine
617 2074 705 2138 cives;
893 2077 945 2130 835

124 2157 168 2213 Et
185 2174 274 2211 novus
293 2156 392 2227 exiguo
409 2161 534 2228 tempore
552 2175 647 2211 murm
666 2161 734 2212 erat.

83 2240 157 2297 Hoc
177 2239 259 2295 Celer
275 2245 358 2310 urget
376 2257 453 2310 opus,
473 2257 557 2310 quem
575 2237 711 2294 Romulus
729 2241 788 2312 ipse
805 2246 933 2306 vocarat;

127 2323 258 2394 Sintque,
278 2321 366 2386 Celer,
386 2339 466 2385 cure,
486 2321 602 2385 dixerat,
621 2322 675 2377 ista
692 2329 758 2378 tuae.

81 2407 173 2464 Neve
191 2405 255 2478 quis
273 2409 322 2459 eut
339 2423 441 2468 muros,
461 2409 510 2458 aut
527 2405 629 2459 factam
645 2423 757 2461 vomere
774 2407 876 2462 fossam

126 2489 281 2551 Transeat3
305 2487 455 2542 audentem
471 2487 540 2542 talia
557 2487 627 2543 dede
645 2489 715 2544 neci.
894 2491 947 2544 840

81 2571 178 2643 Quod
196 2571 303 2626 Remus
320 2571 459 2642 ignorans,
477 2568 595 2626 humiles
613 2577 788 2628 contemnere
806 2589 900 2627 muros

126 2655 229 2727 Coepit,
249 2659 286 2718 et,
306 2652 362 2708 His
380 2653 508 2725 populus,
527 2654 627 2718 dicere,
646 2661 725 2710 tutus
744 2654 817 2710 erit?

77 2740 117 2798 N
119 2757 156 2795 ec
173 2754 261 2800 mora,
279 2736 428 2791 transiluit.
464 2735 556 2791 Rutro
575 2737 656 2792 Celer
674 2745 790 2809 occupat
808 2757 913 2794 ausum.

123 2821 190 2878 Ille
200 2820 304 2892 premit
321 2819 419 2874 duram
436 2819 664 2891 sanguinolentus
680 2820 805 2876 humum.

17 2939 19 2944 ,
75 2905 165 2965 Haec
182 2903 233 2958 ubi
249 2921 299 2958 rex
317 2902 430 2966 didicit;
449 2902 585 2974 lacrymas
602 2903 739 2958 introrsus
757 2905 868 2960 obortas
896 2907 948 2960 845

17 2979 28 3060 i
122 2985 264 3050 Devorat,
284 2989 313 3040 et
331 2985 456 3040 clausum
472 2991 585 3058 pectore
601 2985 704 3041 vulnus
721 2985 814 3042 habet.

71 3074 178 3134 Flere
194 3068 288 3141 pulum
304 3085 362 3123 non
378 3067 448 3132 vult,
469 3069 649 3140 exemploque
667 3069 751 3125 fortia
769 3074 875 3125 servat:

121 3153 233 3224 Sicque
250 3169 328 3206 meos
345 3169 439 3207 muros
457 3157 582 3207 transeat
599 3152 697 3216 hostis,
716 3153 763 3207 ait.

71 3243 153 3301 Dat
172 3240 268 3289 tamen
286 3235 446 3306 exsequias:
466 3253 518 3289 nee
533 3235 593 3305 jam¹
610 3235 779 3305 suspendere
796 3235 894 3291 fletum

119 3317 276 3381 Sustinet;
296 3321 325 3372 et
343 3318 431 3389 pietas
450 3317 623 3372 dissimulata
640 3322 725 3387 patet.
898 3319 951 3370 850

170 3416 253 3456 osrn.
268 3415 346 3456 rssr.
807 3396 825 3454 7
