2252 3706
95 75 138 148 n]
460 77 587 134 sisu.

95 221 192 300 Africa
208 221 343 277 victorem
360 220 395 277 de
414 240 443 277 se
461 227 558 278 vocat:
578 223 650 279 citer
667 222 789 290 Isauras,

130 304 191 360 Aut
209 304 324 360 Cretum
342 304 461 360 domitas
480 305 646 361 testificatur
664 325 739 379 opes,

96 386 183 443 Hunc
193 386 326 442 Numidae
334 386 449 451 faciunt,
459 387 538 443 iilum
551 389 684 444 Messana
693 389 859 462 superbum:
897 395 949 449 595

131 470 186 525 ille
202 469 232 524 N
233 469 378 524 umentina
394 471 481 525 traxit
498 471 533 525 ab
550 471 620 526 urbe
638 478 742 528 notam.

94 552 135 608 Et
152 558 271 608 mortem
288 557 317 608 et
335 571 436 608 nomen
453 552 548 608 Druso
566 553 718 610 Germania
735 555 810 612 fecit.

130 635 182 692 Me
199 636 340 700 miserum,
358 636 447 692 virtus
466 654 550 707 quam
568 636 661 692 brevis
678 638 728 692 illa
745 639 814 695 suit!

94 717 128 774 si
144 723 223 790 petat
240 719 363 783 evictis,
380 723 425 773 tot
442 724 535 774 sumet
551 719 664 774 nominc
682 720 781 785 Oaesar,

131 800 209 871 Quot
226 819 342 856 numero
360 806 457 873 gentes
475 801 610 856 maximus
628 803 703 857 orbis
720 803 814 858 habet.
896 807 949 861 600

92 883 141 939 Ex
157 901 214 938 uno
232 884 345 955 quidam
363 883 493 947 celebres,
514 890 562 938 aut
579 885 687 955 torquis
706 885 849 959 ademptae,

129 966 190 1021 Aut
208 967 284 1022 corvi
299 965 397 1021 titulos
416 966 556 1021 auxiliaris
573 966 688 1022 habent.

94 1049 209 1120 Magne,
228 1055 309 1104 tuum
327 1068 429 1104 nomen
446 1067 541 1104 rerum
557 1067 689 1105 mensura
705 1056 817 1106 tuarum
835 1056 893 1108 ests
941 1049 962 1106 .'

130 1131 190 1187 Sed
206 1132 255 1203 qui
271 1137 300 1187 te
318 1132 392 1196 vicit,
411 1133 524 1188 nominc
541 1134 631 1204 major
649 1139 717 1187 erat.

92 1213 157 1270 Nec
173 1214 275 1286 gradus
294 1220 336 1270 est
353 1215 428 1270 ultra
445 1214 548 1270 Fabios
566 1216 736 1286 cognominis
754 1215 844 1280 ullus;
894 1219 946 1274 606

129 1296 186 1352 Ille
203 1297 300 1352 domus
317 1298 423 1352 meritis
442 1296 568 1352 Maxima
585 1297 660 1352 dicte
678 1297 743 1352 suis.
925 1361 927 1368 J

95 1378 153 1434 Sed
169 1383 265 1434 tamen
281 1378 409 1434 humanis
428 1379 603 1434 celebrantur
620 1378 773 1434 honoribus
791 1396 902 1444 omnes3
922 1369 924 1376 '

131 1461 189 1517 Hic
206 1462 311 1517 socium
329 1479 437 1517 summo
455 1481 519 1517 cum
536 1461 609 1517 Jove
627 1480 730 1517 nomen
747 1462 840 1518 habet.

95 1545 199 1600 Sancta
215 1550 314 1600 vocant
332 1550 450 1616 augusta
466 1550 575 1617 patros:
595 1550 715 1616 augusta
731 1551 870 1602 vocantur

130 1626 253 1699 Templa,
272 1627 447 1682 sacerdotum
464 1627 518 1682 rite
537 1627 629 1681 dicata
645 1645 739 1681 manu.
894 1629 948 1683 610

92 1708 191 1781 Hujus
209 1714 238 1764 et
256 1709 402 1780 augurium
420 1709 560 1779 dependet
577 1709 684 1780 origine
701 1707 790 1773 verbi,

128 1791 170 1846 Et
188 1790 372 1862 quodcunque
390 1808 441 1845 sua
457 1790 573 1862 Jupiter
590 1796 675 1862 auget
692 1808 754 1863 ope.

91 1875 206 1945 Augeat
223 1873 369 1945 imperium
386 1873 476 1928 nostri
493 1874 579 1937 ducis,
598 1879 701 1945 augeat
718 1891 821 1929 annosr

129 1955 263 2027 Protegat
280 1961 310 2011 et
326 1961 433 2010 vestras
451 1973 558 2035 querna
574 1973 675 2010 corone
692 1955 773 2011 fores.

92 2042 318 2115 Auspicibusque
336 2041 394 2096 deis
412 2042 485 2096 tanti
502 2042 673 2112 cognominis
690 2041 779 2097 haeres
892 2044 946 2098 615

129 2124 231 2180 Omine
248 2124 387 2198 suscipiat,
400 2142 456 2195 quo
473 2129 560 2195 pater,
579 2124 654 2178 orbis
673 2142 752 2179 onus.

92 2285 238 2358 Respiciet
254 2283 339 2340 'sitan
357 2290 431 2340 actas
449 2284 499 2340 ubi
515 2284 617 2340 tertius
635 2283 731 2349 Idus,'

130 2367 216 2423 Fient
225 2367 379 2422 Parrhasia
398 2385 476 2422 sacra
492 2367 582 2422 relate
599 2365 664 2422 doae.

92 2450 124 2506 N
126 2470 171 2506 am
187 2449 423 2522 priusAusonias'
438 2456 541 2505 matres
560 2455 693 2520 carpenta
709 2447 866 2513 vehebant3

130 2532 201 2588 Hac
219 2550 330 2605 quoque
348 2533 383 2588 ab
401 2531 529 2587 Evandri
547 2531 622 2586 dicta
639 2536 756 2602 parente
773 2549 846 2586 reor.
895 2533 949 2588 620

91 2615 166 2674 Mox
182 2615 272 2672 honor
290 2616 422 2687 eripitur;
442 2621 625 2686 matronaque
644 2613 766 2669 destinat
784 2613 874 2672 omnis

129 2698 261 2770 Ingratos
278 2698 356 2753 nulla
373 2697 451 2770 probe
468 2715 572 2753 novare
590 2696 674 2751 viros.

90 2781 124 2839 N
125 2800 176 2838 eve
194 2781 274 2836 daret
290 2786 396 2853 partus,
414 2780 474 2835 ictu
491 2779 639 2835 temeraria
657 2797 728 2834 caeco
810 2845 827 2854 υ

129 2863 293 2919 Visceribus
312 2881 437 2918 crescens
456 2862 615 2917 excutiebat
632 2879 712 2916 onus.

92 2946 269 3020 Corripuisse
286 2951 380 3018 patres
398 2963 479 3002 ausas
497 2943 616 3000 immitia
632 2949 743 3014 nuptas,
896 2945 948 3004 625

129 3033 184 3090 Jus
202 3038 297 3088 tamen
315 3037 455 3088 exemtum
472 3029 637 3093 restituisse,
655 3029 758 3084 ferunt.

91 3118 223 3188 Binaque
241 3133 315 3171 nunc
332 3114 438 3186 pariter
456 3112 577 3184 Tegeac
595 3129 673 3166 sacra
690 3112 801 3182 parenti

130 3201 189 3257 Pro
206 3198 300 3272 pueris
318 3196 381 3254 fieri
397 3195 608 3268 virginibusque
623 3194 733 3267 jubent.
